3050 4867
132 377 139 472 f

811 336 963 385 ms.
1010 336 1089 384 n.
1134 337 1298 388 css.
1341 319 1449 388 52.
1496 335 1938 386 Amanium,

294 474 460 526 uniam
514 475 748 529 Varilioe.
862 479 1064 529 Deinde
1134 479 1339 544 Iuliam,

296 552 530 602 Marcellae
574 555 821 605 Octaviae
862 555 986 606 filine
1025 563 1081 604 et
1124 556 1337 605 Variliae

291 629 445 675 nstris
466 631 850 695 consobrinam,
885 632 1107 683 duxerat
1132 647 1337 683 uxores.

298 701 494 753 Vere-an.
556 704 824 757 Antonius
844 708 1168 771 Augustinus
1200 709 1337 772 lege-

292 775 399 827 bat:
445 781 707 846 Cesar-ique
729 800 838 834 cun
870 799 998 840 nexu
1018 786 1250 834 adulterio
1268 791 1338 835 te·

290 858 470 903 maur.
518 857 754 911 Ursinus.
839 861 1113 911 Familiare
1137 861 1337 911 Princi-

291 928 436 992 pibus,
471 939 526 981 ut
562 935 783 998 vulgata
814 951 879 985 ae
910 938 1200 986 communia
1236 937 1335 986 cri-

291 1004 409 1053 mina
428 1009 603 1071 quovis
627 1018 899 1073 praetextu
927 1013 1130 1062 trabant
1153 1013 1218 1061 ad
1241 1012 1339 1061 cri-

290 1093 391 1130 men
414 1084 713 1147 majestatis.
784 1088 1004 1137 Curtius
1038 1087 1130 1135 lib.
1153 1100 1212 1137 x.
1244 1088 1334 1137 ubi

290 1160 489 1208 oecusati
513 1160 792 1224 Cleander,
814 1168 872 1211 et
897 1163 985 1212 alii
1003 1163 1337 1226 spoliaturum

291 1231 665 1295 Provinciarum,
702 1244 761 1288 et
799 1253 899 1302 per
939 1238 1182 1288 libidines
1217 1240 1337 1289 alie·

292 1317 541 1373 ustarum;·
596 1313 613 1340 ‘
638 1312 799 1376 Rex,’
858 1313 1044 1378 inquit,
1086 1314 1338 1378 ‘cognita

291 1397 423 1434 musa
443 1389 825 1451 pronunciavit,
864 1390 934 1438 ab
952 1391 1337 1441 accusatoribus

287 1475 421 1511 unum
459 1472 510 1514 et
548 1466 602 1516 id
647 1467 935 1516 maximum
984 1468 1179 1517 crimen
1221 1483 1337 1518 esse

289 1542 600 1608 preteritum,
676 1544 1099 1609 desperationem
1153 1546 1336 1596 salutis

288 1628 394 1676 suae,
432 1632 693 1683 nunquam
740 1621 884 1670 enim
938 1619 1061 1670 talis
1103 1635 1335 1683 ausuros,

290 1691 362 1754 qui
383 1692 541 1756 ipsum
561 1712 629 1744 ex
656 1695 818 1745 India
859 1697 1108 1759 sospitem
1130 1704 1221 1746 aut
1243 1710 1334 1760 op·

288 1772 457 1818 assent
496 1773 714 1834 reverti,
751 1777 843 1822 aut
882 1771 1225 1822 credidissent
1256 1786 1336 1822 re-

287 1846 561 1898 versurum!
626 1849 721 1898 Ita
747 1850 821 1898 D.
850 1847 1110 1910 Augustus
1134 1849 1336 1902 adulte·

285 1921 479 1972 riatiliae
518 1941 580 1975 ac
619 1925 799 1987 neptis
823 1925 983 1975 traxit
1016 1925 1081 1976 ad
1120 1926 1336 1977 crimina

286 2001 563 2067 majestatis,
607 2002 752 2069 quod
800 2009 952 2052 notat
988 2002 1199 2053 Tacitus
1243 2004 1333 2054 lib.

285 2081 510 2141 sequenti.
593 2080 698 2129 Cui
739 2092 954 2143 prorsus
990 2078 1153 2128 simile
1195 2078 1331 2128 istud

283 2153 520 2217 objectum
564 2156 845 2220 Apuleiae.
932 2156 1003 2205 Et
1044 2156 1110 2204 ab
1154 2154 1337 2205 eadem

281 2241 431 2280 mente
467 2233 707 2283 Velleius
766 2230 1072 2295 indignatur
1118 2233 1135 2260 ‘
1161 2246 1338 2296 poenas

281 2307 577 2370 pependisse
643 2308 790 2372 quasi
848 2306 1123 2370 cujuslibet
1180 2322 1339 2357 uxore

281 2382 467 2445 violata,
488 2384 586 2451 qui
612 2383 837 2434 Caesaris
862 2381 1014 2432 filiam
1039 2391 1092 2431 et
1111 2384 1337 2433 Neronis

281 2459 543 2511 violassent
570 2458 889 2524 conjugem!
956 2459 1217 2509 Mer-cerus.

332 2536 489 2601 Siqua
523 2539 587 2588 de
620 2535 871 2600 Augusto]
916 2534 991 2585 At
1014 2537 1113 2586 Dio
1136 2544 1336 2599 contra,

278 2613 340 2664 sit
358 2630 553 2677 omnes,
573 2614 649 2664 ita
671 2615 885 2663 volente
908 2611 1128 2675 Tiberio,
1156 2612 1339 2676 impie·

277 2690 380 2739 tatis
399 2698 687 2753 accusatos,
706 2704 811 2740 uon
854 2688 1008 2739 modo
1045 2690 1132 2755 qui
1166 2690 1219 2739 in
1257 2690 1335 2754 ip-

276 2779 372 2816 sum
403 2779 693 2819 matremve
730 2766 1007 2832 quicquam
1028 2768 1235 2831 sequius
1259 2764 1336 2816 fe·

273 2844 387 2894 cisse
425 2853 517 2896 aut
560 2843 755 2893 dixisse
791 2848 1154 2906 arguerentur,
1174 2856 1335 2907 quaes-

274 2921 531 2987 tionesque
575 2935 639 2971 ea
676 2920 745 2970 de
785 2932 946 2968 causa
984 2918 1049 2968 de
1085 2918 1241 2968 servis
1280 2919 1335 2968 in

271 2998 430 3061 capita
463 2996 793 3046 dominorum
829 2993 1066 3043 habitas:
1114 3000 1171 3044 et
1209 2993 1333 3042 libe·

269 3085 427 3123 rorum
452 3072 613 3122 etiam
634 3087 695 3122 ac
717 3069 912 3120 civium
932 3076 1067 3120 torta
1082 3083 1333 3133 corporat

268 3152 563 3215 magnisque
610 3146 843 3212 praemiis
878 3143 1091 3196 affectos
1124 3159 1335 3196 accusa-

269 3232 417 3278 tores.
482 3225 725 3274 Muretus.

322 3302 505 3352 beuta
523 3316 653 3350 secus
675 3298 984 3362 arguerem]
1050 3298 1333 3349 Murena-

266 3381 413 3443 quius.
456 3380 643 3428 Recte.
691 3375 961 3427 Acidaliae.
1026 3374 1333 3441 &aequasi

264 3456 506 3519 maligue,
529 3468 621 3504 seu
645 3450 966 3513 inreligiose.
1033 3451 1257 3502 Piclnena.

329 3532 611 3582 Gmciorem
630 3527 843 3593 poenum]
896 3528 978 3577 De
1000 3527 1099 3577 boc
1123 3528 1258 3588 loco,
1279 3534 1335 3577 et

265 3623 415 3674 poeua
457 3608 697 3673 legitima
741 3604 1006 3664 adulterii,
1056 3605 1333 3655 dicendum

264 3685 385 3735 nihi
407 3683 543 3734 infra
566 3685 600 3735 1.
626 3697 702 3733 nr.
743 3682 789 3731 si
813 3679 907 3729 tibi
930 3694 1055 3730 cura
1077 3688 1175 3745 est,
1194 3682 1332 3732 vide.

263 3760 471 3826 Lipsius.

328 3838 614 3902 Propinqui·
630 3833 756 3896 suis]
822 3832 886 3882 Id
919 3839 1017 3895 est,
1054 3847 1086 3881 a
1127 3833 1333 3896 propin-

264 3916 399 3981 quis.
442 3913 601 3964 Amat
625 3914 702 3962 ita
720 3909 865 3974 loqui
886 3917 1084 3970 noster,
1108 3917 1182 3971 nt,
1203 3910 1218 3937 ⁴
1240 3909 1335 3958 Ce-

263 3999 504 4056 terasque
528 3990 705 4050 urbes,
735 4001 853 4051 quas
878 3985 1247 4036 Macedonibus
1270 3986 1334 4034 si·

266 4076 333 4119 tae
370 4068 557 4118 Graeca
589 4060 849 4113 vocabula
882 4059 1144 4109 retinent?
1209 4061 1333 4110 Sue-

264 4153 368 4200 ton.
388 4144 443 4194 in
466 4142 697 4207 August.
735 4152 785 4188 c.
810 4141 858 4186 1.
891 4138 906 4164 ‘
935 4138 1005 4187 Et
1025 4137 1332 4187 ostendeba-

262 4229 344 4274 tur
366 4235 457 4273 era
493 4216 726 4270 Octavio
748 4221 1053 4266 consecrata
1068 4212 1103 4262 :³
1154 4213 1205 4263 id
1230 4221 1329 4279 est,

259 4298 325 4354 ab
347 4296 609 4351 Octavio:
643 4305 745 4342 nec
765 4288 924 4340 crede
941 4304 1058 4340 cum
1079 4289 1329 4355 interpre-

2307 320 2479 385 ³851

1418 479 1578 542 tibus,
1618 479 1733 528 rudi
1777 479 1867 528 illo
1912 483 1969 526 et
2013 477 2195 542 ignaro
2237 477 2486 528 adulandi

1414 569 1549 616 evo,
1574 555 1800 606 Octavio
1835 555 1936 617 ipsi
1967 560 2222 604 sacratam
2260 567 2420 604 aram.
2452 555 2483 584 ⁵

1413 631 1623 694 Liparum

1479 707 1715 757 CAP.52.
1753 705 2009 767 Desertor]
2045 706 2162 755 Hoc
2185 705 2485 755 minusesse

1415 789 1732 846 puto,quam
1755 782 1892 846 quod
1933 782 2071 832 Gall.
2107 797 2147 832 r.
2185 782 2391 846 extulit,
2409 797 2484 833 re-

1410 857 1553 907 voltl.
1618 859 1846 908 Rebellis
1862 860 2000 908 enim
2019 865 2100 907 est
2112 858 2309 920 renem,
2327 865 2484 922 atque

1412 933 1524 983 haec
1545 941 1657 983 toto
1678 948 1872 996 genere
1896 934 2162 986 differunt.
2229 937 2402 986 Quum
2425 941 2482 984 et

1410 1010 1623 1060 desertor
1644 1023 1756 1058 esse
1789 1010 1951 1072 possit
1973 1009 2084 1058 sine
2107 1009 2410 1072 rebellione,
2428 1017 2485 1062 et

1409 1084 1599 1138 rebellis
1621 1085 1734 1134 sine
1757 1085 2069 1136 desertione.
2121 1086 2414 1136 Freinshem.

1476 1163 1838 1212 Mamaeam-m
1857 1162 1981 1225 dux]
2048 1163 2366 1213 Ptolemaeus
2397 1177 2484 1213 vo·

1412 1245 1520 1299 cat,
1539 1237 1903 1300 Μισουλόμονη
1937 1239 2158 1302 Plinius,
2179 1239 2482 1289 Misulanos.

1411 1314 1624 1379 Lipsius.

1477 1392 1837 1441 Maculam-nn
1854 1390 1979 1454 dux]
2033 1392 2287 1442 Manlau.
2352 1393 2482 1443 Pro-

1411 1466 1718 1516 montorium
1762 1474 1864 1528 est,
1907 1474 1963 1517 et
2006 1469 2290 1532 emporium
2344 1467 2480 1518 baud

1413 1543 1594 1612 procul
1652 1543 1717 1593 ab
1779 1541 1962 1593 Africa
2013 1543 2241 1594 deserta.
2341 1545 2482 1596 Ptol.

1413 1622 1723 1685 Massyliam
1765 1629 1919 1672 vocat
1959 1623 2178 1672 Plinius.
2197 1617 2208 1630 “
2246 1623 2483 1672 Murem.

1413 1698 1561 1746 Duas
1597 1698 1650 1746 in
1687 1697 1765 1746 his
1805 1697 2041 1760 partibus
2083 1704 2262 1759 gentes
2284 1697 2481 1748 nobiles

1414 1779 1469 1824 et
1491 1780 1720 1824 vetustas
1757 1779 2011 1822 memorat
2047 1772 2280 1821 Plinius:
2328 1788 2483 1823 unam

1412 1851 1791 1913 Musulami-um,
1845 1851 2062 1899 alteram
2110 1850 2482 1902 Maur-mierum.

1411 1925 1565 1976 Illam
1613 1926 1925 1976 exstinetam
1971 1924 2154 1974 scribit
2195 1924 2335 1974 idem
2379 1924 2482 1974 suis

1411 2002 1750 2066 temporibus,
1787 2002 1913 2052 licet
1947 2000 2097 2050 bodie
2135 2001 2292 2050 etiam
2329 2001 2482 2063 longe

1410 2078 1699 2128 clarissima
1732 2078 1943 2128 dicatur
1965 2077 2104 2141 apud
2142 2077 2255 2126 illas
2279 2083 2484 2140 gentes,

1412 2159 1470 2203 ut
1492 2154 1567 2203 ait
1590 2155 1698 2204 Leo
1723 2153 2017 2205 Africanus.
2050 2154 2290 2204 Aurelius.
2345 2153 2484 2206 Ann-

1411 2231 1447 2280 Ι.
1482 2243 1561 2281 ιν.
1595 2232 1908 2293 Muulam,
1931 2244 2018 2280 eos
2054 2232 2307 2295 appellat,
2341 2232 2479 2296 quod

1411 2307 1607 2357 rectius
1650 2307 1871 2369 videtur,
1910 2322 1975 2357 ex
2018 2307 2326 2358 Ptolemaeo.
2397 2307 2480 2357 Pi·

1409 2382 1574 2432 claena.

1418 2481 1427 2486 ·
1476 2458 1624 2507 Naue
1646 2458 1795 2508 etiam
1814 2463 1917 2509 tm
1945 2457 2131 2508 urbium
2152 2460 2305 2522 mdiu]
2369 2460 2479 2510 Alii

1409 2533 1523 2583 haec
1565 2533 1848 2594 omittunt;
1898 2535 2081 2598 reliqui
2115 2536 2189 2585 sic
2225 2536 2479 2599 interpre-

1411 2616 1604 2673 tantur,
1634 2610 1781 2674 quasi
1817 2609 2012 2660 dictum
2055 2618 2214 2672 esset,
2254 2611 2481 2661 Musula·
2553 2637 2558 2644 ·

1409 2700 1517 2735 mos
1565 2686 1731 2736 nullas
1787 2692 1894 2735 tum
1949 2685 2107 2736 urbes
2164 2687 2476 2739 incoluisse:

1411 2761 1549 2825 quod
1572 2762 1784 2826 quidem
1807 2775 1985 2811 verum
2009 2763 2254 2825 arbitror,
2285 2764 2377 2813 sed
2402 2765 2479 2815 ul-

1409 2838 1573 2887 terius
1591 2837 1712 2903 quid
1751 2839 1964 2888 innuere
2002 2840 2238 2889 Tacitum
2280 2841 2479 2903 putavi,

1410 2919 1467 2962 ut
1490 2927 1593 2962 non
1618 2918 1818 2963 tautum
1841 2913 1969 2977 ipsis
2001 2916 2165 2963 nullas
2207 2913 2361 2963 urbes
2401 2914 2482 2964 fu-

1410 2987 1531 3051 isse,
1563 2987 1652 3037 sed
1690 2989 1897 3037 omuino
1937 2989 2102 3038 nullas
2139 2990 2192 3037 in
2231 2989 2290 3037 iis
2330 2991 2480 3052 locis,

1408 3062 1685 3113 ostendere
1711 3063 1965 3113 voluerit:
2023 3078 2125 3127 quo
2149 3078 2250 3114 non
2274 3071 2479 3114 tantum

1407 3147 1642 3202 agrestes
1697 3139 1954 3202 rudesque
2005 3140 2266 3189 bominum
2311 3155 2481 3190 mores

1408 3213 1845 3278 intelligerentur,
1887 3213 1979 3264 sed
2042 3215 2199 3264 etiam
2252 3213 2480 3266 facilitas

1410 3305 1554 3339 arma
1596 3290 1858 3355 capiendi,
1904 3290 2026 3355 quia
2071 3290 2280 3341 scilicet
2322 3293 2478 3342 nullis

1409 3375 1519 3416 tum
1545 3380 1639 3430 per
1663 3381 1728 3414 ea
1749 3367 1865 3414 loca
1887 3365 2121 3428 urbibus,
2136 3368 2479 3431 comprimen-

1409 3443 1460 3492 di
1503 3443 1682 3507 procul
1726 3441 2027 3506 praesidium
2067 3442 2222 3494 foret.
2307 3444 2480 3495 Urbes

1407 3520 1544 3568 enim
1568 3516 1768 3567 feroces
1793 3518 1930 3565 iuter
1967 3519 2202 3568 nationes
2232 3519 2478 3582 condite,

1406 3593 1559 3644 fra‘ni
1599 3594 1780 3655 instar,
1803 3592 1867 3641 ad
1899 3593 2212 3646 coercendas
2252 3609 2355 3658 eas,
2390 3597 2477 3645 ba-

1408 3670 1615 3722 bentur.
1684 3670 1918 3720 Curtium
1946 3683 2042 3720 vu.
2071 3676 2148 3721 1⁰.
2170 3672 2302 3720 vide.
2364 3673 2478 3723 Mo-

1406 3747 1569 3796 vebar
1602 3746 1755 3796 etiam
1782 3760 1865 3804 eo,
1888 3746 2023 3808 quod
2048 3745 2266 3795 Tacitus
2289 3748 2478 3812 inquit,

1404 3825 1529 3874 nullo
1563 3827 1666 3872 tum
1699 3823 1854 3871 cuuu:
1911 3834 2080 3885 neque
2126 3835 2248 3870 vero
2274 3822 2480 3871 videba-

1408 3909 1492 3951 tur
1535 3900 1720 3961 simile,
1752 3914 1816 3946 ex
1858 3912 1919 3946 eo
1960 3904 2193 3961 tempore
2219 3897 2284 3946 ad
2309 3913 2477 3948 aevum

1408 3993 1571 4041 usque
1594 3975 1788 4035 'l‘aciti,
1810 3975 2039 4024 homines
2078 3989 2168 4022 eos
2207 3989 2273 4023 ex
2302 3987 2479 4023 noma-

1404 4055 1555 4106 dibus
1598 4052 1887 4118 oppidanos
1927 4066 2037 4100 esse
2079 4049 2266 4099 factos.
2351 4049 2474 4098 Hoc

1403 4133 1598 4196 potius,
1618 4128 1682 4178 ad
1709 4125 2061 4191 reprimendos
2085 4139 2175 4174 eos
2212 4132 2267 4173 et
2290 4124 2342 4172 iu
2365 4120 2482 4170 offis

1401 4211 1481 4262 cio
1504 4205 1827 4268 retinendos,
1848 4203 2076 4253 colonias
2097 4200 2152 4249 in
2172 4214 2236 4251 ea
2255 4201 2374 4249 loca
2394 4195 2476 4249 fun

1397 4288 1499 4340 isse
1521 4285 1794 4338 deductas.
1863 4278 2157 4331 Freiarhm.
