3050 4867
1152 344 1219 391 c.
1262 342 1327 391 c.
1375 339 1658 391 morri.
2332 321 2508 389 4525

802 670 1034 733 AETAS
1067 684 1130 729 V.
1158 668 1986 735 LIPSIO-PICHENIANA.

326 901 515 978 Cujus
542 899 862 960 diluculum
907 897 1145 977 incepit,
1195 917 1328 957 cum
1386 899 1629 959 Curtius
1682 899 1961 967 Pichena,
2020 895 2213 976 magni
2260 895 2509 957 Etruria!

404 998 595 1059 Ducis
616 1016 652 1056 a
679 995 934 1065 secretis,
975 1004 1145 1054 notas
1172 995 1229 1053 in
1256 994 1554 1065 Tacitum,
1584 995 1853 1074 quamvis
1899 994 2118 1071 absque
2147 993 2361 1071 capite,
2390 992 2516 1053 edi·

406 1094 609 1165 disset,
630 1112 765 1171 quae
788 1091 1015 1152 auctori
1039 1108 1251 1150 novam
1279 1091 1470 1150 lucem
1500 1089 1865 1151 affunderent
1892 1110 1963 1149 ex
1991 1088 2343 1168 diligentiori
2395 1090 2519 1149 col-

409 1190 628 1250 latione
681 1187 825 1248 edit.
870 1185 1160 1265 Lipsianoe
1214 1193 1386 1247 1585.
1426 1204 1562 1245 cum
1618 1187 1841 1247 Codice
1864 1196 2109 1265 utroque
2165 1186 2517 1247 Florentino.

407 1286 757 1346 Prodierunt
798 1283 1052 1361 primum
1103 1281 1471 1352 Florentium,
1500 1290 1563 1342 et
1580 1300 1799 1341 recusoe
1845 1280 2210 1342 Francofurti
2247 1280 2422 1341 1600.
2455 1289 2514 1343 8.

408 1380 565 1460 typis
592 1379 997 1440 wechelianis.
1042 1378 1171 1438 Has
1200 1386 1261 1436 et
1284 1377 1438 1437 binae
1466 1379 1605 1438 edd.
1650 1399 1786 1457 sqq.
1813 1379 2059 1438 insertas
2089 1376 2309 1438 babent
2336 1397 2351 1436 z

338 1474 489 1544 1607
532 1473 923 1544 Francofurti,
971 1481 1027 1533 8.
1073 1478 1090 1505 ‘
1121 1472 1191 1531 C.
1233 1471 1413 1532 Corn.
1458 1473 1657 1533 Taciti
1702 1475 1922 1551 Opera,
1977 1494 2050 1533 ex
2096 1492 2329 1550 recogn.
2383 1470 2518 1532 Jani

413 1556 674 1640 Gruteri,
731 1588 869 1628 cum
923 1566 1118 1627 Indice
1171 1585 1360 1626 rerum
1416 1568 1880 1628 accuratissimo.
1936 1572 2082 1628 Acc.
2140 1569 2370 1627 seorsim
2437 1566 2517 1628 ad

411 1665 658 1726 eundem
689 1663 1008 1725 emendatt.
1054 1661 1304 1740 castigg.
1349 1662 1508 1722 obss.
1560 1672 1717 1722 notae
1746 1663 1983 1733 Alciati,
2032 1663 2271 1734 Fet-reti,
2300 1663 2517 1736 Ursini,

411 1761 688 1829 Merceri,
724 1758 939 1829 Coleri,
969 1758 1252 1828 Rhenani,
1282 1758 1591 1829 Vertranii,
1625 1758 1864 1830 Donati,
1914 1758 2211 1827 Pichenoe,
2257 1758 2517 1818 Gruteri.

422 1855 803 1926 Francofurti,
832 1874 865 1913 e
891 1854 1027 1913 coll.
1072 1853 1340 1941 Paltben.
1370 1854 1665 1914 sumtibus
1704 1856 1873 1914 Jonae
1921 1853 2180 1914 Rhodii:
2226 1856 2293 1913 In
2324 1853 2523 1933 capita

415 1952 664 2029 primum
695 1950 897 2010 divisit
920 1951 1232 2010 Gruterus.

342 2046 494 2109 1608
535 2047 790 2116 Parisiis,
844 2045 945 2105 fol.
1017 2052 1035 2080 ‘
1065 2047 1136 2106 C.
1206 2046 1387 2105 Corn.
1441 2044 1658 2117 Taciti,
1714 2055 1775 2105 et
1830 2047 1901 2106 C.
1969 2045 2178 2105 Velleii
2229 2045 2525 2106 Paterculi

416 2143 654 2223 scripta,
683 2163 817 2221 quae
829 2149 1075 2213 exstant,
1097 2141 1413 2219 recognita,
1442 2140 1790 2212 emaculata,
1840 2140 2141 2219 additique
2169 2152 2526 2202 commenta-

421 2238 489 2298 rii
535 2238 943 2318 copiosissimi,
990 2245 1054 2297 et
1079 2247 1234 2297 notae
1260 2255 1379 2296 non
1409 2246 1583 2296 antea
1608 2235 1803 2296 editae.
1847 2237 2093 2309 Parisiis,
2124 2258 2156 2296 e
2180 2248 2410 2317 typogr.
2454 2237 2524 2298 P.

422 2334 1051 2396 Chevalier.’—-Editor
1076 2343 1168 2394 est
1193 2334 1329 2395 Car.
1369 2332 1696 2395 Aubertus.
1725 2336 2244 2413 commentatores,
2276 2354 2526 2412 quornm

423 2439 594 2491 notas
621 2430 885 2500 exhibet,
914 2437 1052 2489 sunt
1077 2445 1257 2490 xvh:
1304 2433 1379 2490 A.
1420 2431 1711 2502 Alciatus,
1735 2431 1805 2491 B.
1836 2431 2173 2502 Rhenanus,
2217 2431 2290 2489 V.
2337 2432 2531 2493 Luxa-

426 2546 557 2598 nus,
613 2528 677 2587 F.
747 2525 1009 2597 Ursinus,
1062 2527 1150 2585 M.
1191 2529 1267 2585 A.
1337 2525 1630 2596 Muretus,
1681 2527 1740 2586 J.
1806 2527 2130 2596 Mercerus,
2187 2525 2536 2603 Christoph.

425 2621 689 2692 Colerns,
712 2621 786 2679 V.
818 2619 1139 2689 Acidalins,
1166 2620 1277 2679 Ph.
1321 2620 1659 2692 Beroaldus,
1690 2622 1837 2681 AEm.
1869 2622 2153 2692 FerretuS,
2182 2622 2272 2680 M.
2300 2622 2534 2681 Vertra·

427 2717 575 2788 nius,
632 2718 721 2776 M.
763 2715 1056 2786 DonatuS,
1111 2714 1205 2774 Fr.
1246 2715 1507 2787 Medius,
1557 2716 1630 2777 C.
1672 2715 1949 2788 Picbena,
2003 2717 2064 2776 J.
2118 2716 2429 2790 Gruterus,
2472 2724 2534 2776 et

429 2811 782 2873 Paschalius.
2248 2804 2252 2810 ’

354 2907 507 2978 1607
550 2908 729 2986 Lipsii
754 2924 824 2969 x.
865 2907 966 2968 fot.
1014 2915 1031 2941 ⁸
1062 2908 1133 2968 C.
1172 2908 1352 2967 Corn.
1394 2906 1589 2967 Taciti
1617 2909 1840 2986 Opera,
1883 2927 2017 2986 quae
2037 2916 2286 2977 exstant,
2329 2908 2534 2967 Justus

432 3003 663 3084 Lipsius
689 3012 1042 3082 postremum
1072 3003 1384 3062 recensuit.
1426 3001 1634 3062 Additi
1664 3002 2058 3062 commentarii
2084 3001 2237 3061 aucti
2264 2999 2539 3061 emenda-

430 3099 590 3178 tique
644 3099 721 3158 ab
771 3098 971 3158 ultima
1022 3116 1221 3157 manu.
1264 3098 1533 3157 Accessit
1560 3099 1631 3158 C.
1675 3097 1925 3157 Velleius
1976 3097 2341 3168 Paterculus,
2398 3115 2531 3155 cum

328 3194 337 3202 '
432 3195 699 3274 ejusdem
730 3194 912 3272 Lipsii
938 3194 1301 3254 auctioribus
1327 3196 1507 3254 notis.
1550 3195 1902 3273 Antverpiae‚
1932 3215 2005 3254 ex
2032 3193 2189 3254 offic.
2228 3192 2542 3253 Plautinia-

435 3310 529 3362 na,
558 3309 654 3369 ap.
695 3292 791 3351 Jo.
836 3290 1172 3349 Moretum.'
1214 3290 1362 3349 Haec
1385 3300 1516 3361 ‚tum
1545 3291 1826 3352 consultis
1866 3292 2139 3351 Picbenae
2166 3290 2319 3348 notis
2345 3307 2539 3348 emen-

435 3386 646 3458 datior,
688 3398 811 3447 tum
843 3397 1058 3465 praeter
1083 3389 1525 3447 commentarios
1553 3398 1613 3448 et
1640 3407 1918 3449 excursus
1946 3386 2125 3446 habet
2171 3383 2538 3464 dispunctio·

436 3501 570 3542 nem
588 3493 855 3542 notarum
883 3482 1280 3542 Mirandulani
1308 3481 1545 3542 Codicis
1570 3482 1766 3557 (ficti).

518 3579 749 3639 Plenior
776 3578 906 3638 dies
932 3578 1168 3638 advenit
1195 3598 1330 3638 cum
1359 3578 1486 3657 ipsa
1508 3578 1708 3638 Taciti
1733 3578 1985 3639 editione
2012 3598 2047 3638 a
2066 3578 2315 3637 Pichena
2338 3594 2542 3654 recog·

437 3677 582 3747 nita,
607 3674 879 3752 notisque
907 3674 1265 3734 auctioribus
1307 3675 1620 3746 illustrata,
1652 3676 1708 3734 in
1737 3676 1952 3753 quibus
1996 3673 2395 3754 praeparandis
2430 3670 2542 3750 ipsi

441 3770 634 3833 adfuit
655 3771 860 3829 Franc.
904 3771 1240 3841 Venturius‚
1261 3770 1550 3830 Patricius
1572 3770 1956 3830 Florentinns.

369 3867 521 3937 1607
563 3865 949 3938 Francot'urti,
993 3874 1114 3925 4.‘
1145 3867 1215 3925 C.
1262 3868 1440 3925 Corn.
1466 3865 1667 3924 Taciti
1696 3866 1914 3944 Opera,
1944 3886 2078 3943 quae
2103 3873 2353 3935 exstant,
2368 3862 2547 3940 juxta

442 3964 787 4025 veterrimos
838 3962 1279 4039 Manuscriptos
1317 3961 1649 4031 emendata,
1698 3964 1967 4039 notisque
1994 3960 2355 4020 auctioribus
2382 3957 2547 4017 illus-

445 4068 619 4131 trata,
646 4080 754 4139 per
780 4059 1047 4120 Curtium
1102 4059 1446 4128 Picbenam,
1501 4060 1630 4118 Ser.
1670 4057 1866 4136 magni
1920 4057 2106 4116 Ducis
2169 4059 2295 4115 Etr.
2333 4074 2368 4115 a
2397 4074 2546 4117 secr.

448 4156 734 4237 Adjectus
776 4155 962 4217 Index
1015 4155 1334 4227 nominum,
1398 4154 1735 4227 verborum,
1776 4173 1847 4214 ac
1902 4152 2318 4213 sententiarum
2386 4151 2551 4211 locu-
