3050 4867
857 389 1006 438 mn.
1053 389 1155 437 ιν.
1203 386 1368 437 cAr.
1412 373 1478 438 5.
1525 385 2089 441 Ηιεφοηιᾼιωυ.

357 528 609 591 elchatnr,
625 527 844 593 oppido,
861 528 994 578 etin
1026 530 1129 578 ista
1149 528 1328 578 Rome
1351 528 1424 578 vi·

355 605 514 656 cinia.
576 602 678 654 Sed
714 604 961 670 quicquid
995 606 1206 654 tandem
1240 602 1420 666 fuerit,

355 680 543 745 majori
580 680 920 730 admiratione
961 667 1192 743 digunm',
1233 692 1267 728 a
1314 678 1424 743 qui-

353 754 569 808 busdam
635 755 940 806 Tarracina·
989 755 1077 804 hic
1127 753 1423 818 legentibus

355 830 515 881 inseri
558 832 819 895 explendo
873 831 1047 880 sensui
1098 830 1315 893 semion«,
1357 830 1421 880 ab

354 908 467 958 aliis
483 909 837 970 secunda‚cum
862 912 1039 957 tamen
1077 908 1193 956 luce
1232 908 1421 956 clarius

354 984 423 1034 sit
471 984 628 1048 prima
689 983 946 1034 contineri
1001 983 1162 1033 Italia
1214 984 1421 1044 regione.

356 1061 495 1111 Nam
519 1060 689 1110 Italiae
714 1074 779 1109 ex
804 1059 1024 1123 Augusti
1067 1059 1310 1108 divisione
1334 1074 1424 1108 nn·

355 1135 524 1186 decim
566 1134 780 1186 fuerunt
817 1136 1074 1198 regiones.
1156 1134 1296 1184 Plin.
1333 1147 1421 1183 m.

357 1216 436 1262 15.
460 1215 557 1262 ὄις.
578 1212 609 1240 ¹*
631 1211 782 1262 Savil.
823 1212 996 1262 Deest
1019 1212 1248 1259 semaa.-
1270 1210 1321 1259 in
1342 1223 1422 1260 ιι.

357 1289 491 1338 enim
528 1289 764 1352 regiones
804 1287 980 1337 divisit
1015 1288 1280 1351 Augustus
1316 1287 1424 1337 Ita·

352 1365 494 1415 liam.
564 1365 827 1415 Emeum.
909 1364 1176 1414 Cornelius
1201 1362 1422 1426 regionis

355 1441 543 1504 Italia,
581 1456 684 1492 non
724 1441 932 1504 adjecto
952 1453 1185 1501 numero,
1203 1440 1423 1490 mentio-

356 1531 472 1567 nem
497 1518 692 1568 babuit.
759 1519 935 1569 Quare
976 1516 1158 1565 vitium
1192 1516 1423 1579 exscrip-

357 1600 527 1656 torum
567 1608 771 1656 accuso,
802 1593 891 1658 qui
925 1599 1102 1642 notam
1143 1593 1423 1656 septenarii

358 1671 558 1720 numeri
602 1671 1064 1735 praetermiserunt.
1145 1670 1241 1719 Est
1283 1670 1422 1718 enlm

359 1747 498 1810 apud
529 1747 753 1796 Plinium
794 1760 880 1797 m.
915 1752 965 1797 5.
997 1749 1012 1774 ‘
1034 1748 1199 1810 Supra
1231 1744 1423 1796 flumen

359 1822 562 1873 Oufens
602 1825 849 1888 oppidum
891 1824 1192 1886 Tarracina,
1244 1824 1424 1889 lingua

356 1899 664 1950 Volscorum
711 1902 913 1962 Anxur,
963 1899 1105 1948 intra
1160 1900 1424 1963 regionem

356 1973 529 2025 Italiae
554 1977 825 2040 septimam
853 1989 917 2025 ex
940 1974 1292 2039 descriptione
1317 1973 1423 2024 Au-

360 2050 530 2114 gusti!
618 2051 806 2117 Itaque
850 2052 925 2101 sic
966 2065 1185 2115 repono,
1231 2050 1425 2112 regione

360 2127 520 2176 Βατία
539 2128 740 2192 septima
762 2128 1148 2190 ΤωνασίηιεΛ-ο.
1215 2126 1423 2176 Dicitur

359 2210 531 2253 antem
551 2204 828 2254 'Part-acina
851 2203 1188 2266 municipium
1211 2215 1307 2266 pro
1333 2216 1424 2265 op·

359 2279 503 2345 pido,
533 2295 634 2330 non
656 2294 722 2330 ex
741 2281 908 2330 veteri
931 2279 1149 2328 nominis
1168 2277 1450 2342 significa-¹·

357 2355 516 2406 tione.
583 2356 667 2405 Sic
689 2354 824 2406 infra
844 2355 1049 2416 eodem,
1071 2358 1086 2383 ⁸
1101 2353 1243 2416 pacis
1264 2367 1426 2416 opera

358 2431 498 2481 haud
532 2432 712 2495 procul
733 2432 917 2482 castris
943 2432 998 2480 in
1032 2427 1240 2479 modum
1261 2427 1427 2477 muni-

359 2507 484 2570 cipii
521 2514 785 2557 exstructa
804 2507 834 2556 ε’
893 2513 949 2555 et
987 2506 1062 2555 ita
1098 2504 1235 2554 forte
1273 2517 1428 2568 supra

360 2583 505 2633 Hist.
525 2596 591 2633 n.
614 2583 877 2647 Antipolis
895 2580 1201 2644 municipium
1218 2578 1426 2629 dicitur.

369 2660 592 2709 Ver-tran.
675 2658 890 2721 Septima
940 2670 1043 2706 non
1081 2662 1160 2705 est
1193 2669 1224 2704 a
1262 2654 1426 2718 libris,

360 2749 534 2801 neque
562 2734 844 2785 Tarracina
875 2735 926 2783 in
960 2732 1184 2796 septima
1218 2729 1427 2793 regione

357 2813 564 2875 Italiae3
597 2817 652 2863 et
672 2813 925 2861 insuetum
947 2808 1132 2859 Tacito
1163 2807 1426 2871 regionem

363 2890 609 2954 adjicere,
633 2903 729 2938 nec
751 2888 1097 2938 necessarium
1121 2893 1246 2934 noto
1264 2883 1428 2934 muni·

362 2965 503 3030 cipio
538 2965 849 3015 Terracinae.
915 2963 1052 3015 Quin
1092 2969 1150 3012 et
1186 2960 1307 3010 libri
1345 2973 1430 3009 va-

360 3040 520 3102 riant,
542 3048 597 3090 et
622 3040 760 3090 aliud
783 3039 1134 3104 querendum.
1169 3038 1429 3086 Meroen-us.

362 3117 532 3176 Venia
554 3118 676 3166 mibi
711 3132 742 3166 a
775 3117 1054 3166 Vertranio
1076 3128 1225 3178 opus.
1293 3113 1429 3162 Nam

362 3207 482 3244 cum
504 3194 591 3242 ille
627 3192 849 3256 simplici
888 3198 1084 3241 tautum
1124 3190 1430 3254 conjectura

363 3266 556 3317 ductus
577 3267 917 3332 suppleverit,
950 3280 1050 3330 ego
1082 3279 1281 3327 vocem,
1305 3279 1433 3327 prae-

364 3352 447 3395 ter
467 3343 622 3395 fidem
657 3344 884 3394 omnium
917 3342 1165 3393 librorum
1187 3340 1434 3403 additam,

365 3422 565 3486 sustuli,
602 3426 876 3471 contentus
908 3418 1115 3467 stellula
1151 3416 1326 3480 potius
1357 3415 1432 3463 lo-

365 3512 486 3548 eum
526 3503 748 3558 notasse,
788 3509 943 3560 quam
991 3493 1266 3542 arbitrario
1308 3492 1432 3555 jure

366 3579 578 3624 suctum
595 3570 846 3637 perferre.
909 3570 997 3620 De
1013 3568 1205 3632 oppido
1225 3567 1433 3633 quidem

372 3649 644 3700 Tmcinoe
672 3646 1002 3696 Florentinus
1020 3644 1297 3694 consentit.
1329 3641 1434 3692 Sed

363 3726 544 3790 verbs,
579 3724 772 3788 regione
807 3723 986 3783 Ieauae,
1015 3728 1262 3783 corrupta
1303 3732 1437 3780 esse,

365 3817 518 3854 nemo
540 3811 638 3866 est,
660 3802 745 3867 qui
772 3799 1026 3862 ambigass
1061 3797 1141 3846 vel
1165 3795 1332 3860 Lipsii
1355 3807 1435 3846 er-

367 3880 644 3945 gumeutis.
713 3876 900 3941 Neque
924 3890 1023 3938 ego
1044 3887 1154 3932 sum
1178 3871 1435 3936 tanti,qui

367 3972 430 4007 ea
452 3955 721 4018 corrigam,
742 3953 865 4018 quid
885 3960 1055 4002 tamen
1076 3950 1200 4000 mihi
1219 3950 1272 3999 in
1296 3963 1435 3999 men-

367 4039 478 4083 tem
498 4032 719 4093 venerit,
740 4030 864 4079 licet
898 4027 1137 4091 ineptias,
1159 4024 1436 4090 proferam,

367 4108 660 4175 prasertim
673 4121 790 4156 cum
809 4104 1152 4156 communium
1172 4103 1435 4151 literarum

367 4182 609 4248 vestigiis
635 4195 741 4232 non
761 4183 914 4246 longe
936 4195 1056 4230 mea
1075 4179 1326 4230 divinatio
1345 4179 1435 4228 ab·

369 4264 518 4314 erret
531 4274 550 4311 z
605 4257 859 4311 Helvidius
879 4257 1080 4311 Priscus
1099 4256 1277 4322 icitur,
1294 4261 1438 4308 natas

2386 376 2566 444 4275

1502 528 1774 579 Tarracinoe
1814 530 2087 594 municipio.
2168 531 2328 582 Certe
2370 531 2563 597 aliquid

1495 607 1662 656 simile
1705 610 1965 660 sententia
2007 610 2193 673 poscit,
2243 624 2305 659 ac
2346 608 2564 660 fortasse

1498 683 1585 733 alii
1604 684 1867 734 meliorem
1884 685 2162 734 lectionem
2177 685 2566 749 excogitabant.

1497 760 1726 810 Pichena.
1790 761 1946 823 Regio
1959 759 2237 822 πολύσημον
2250 769 2334 812 est
2352 767 2407 810 et
2425 761 2567 811 inter

1498 843 1689 889 caetera
1727 836 1863 886 idem
1900 852 2016 887 cum
2051 838 2345 888 Provincia.
2415 838 2564 888 Curt.

1497 914 1536 962 l.
1557 927 1612 963 v.
1646 914 1661 939 ‘
1681 912 1801 962 hinc
1822 913 1875 963 in
1899 913 2159 977 regionem
2188 913 2380 963 Mediae
2398 920 2566 963 trans-

1495 989 1574 1052 iit,
1597 988 1681 1039 ubi
1704 990 2119 1052 supplementum
2152 1004 2398 1040 novorum
2433 989 2564 1039 mili-

1497 1069 1611 1111 tum
1648 1078 1678 1112 e
1715 1064 1902 1114 Cilicia
1925 1066 2188 1116 occurrit?
2252 1065 2393 1116 Quid
2436 1079 2564 1128 ergo

1498 1139 1770 1203 addemus,
1802 1138 2040 1204 septim?
2090 1141 2231 1193 Quid
2266 1141 2437 1206 (velut
2473 1141 2564 1191 Pi·

1497 1215 1685 1280 ebena)
1707 1214 2061 1278 reformamus,
2098 1217 2351 1267 Helvidius
2370 1217 2568 1267 Priscus

1493 1290 1650 1353 igiter
1668 1296 1809 1342 notas
1832 1293 2102 1343 Tarracinae
2134 1293 2391 1357 αωείοἰρῦο
2405 1290 2431 1344 7
2471 1295 2564 1344 Sa·

1498 1367 1643 1418 liner.
1710 1368 1878 1418 Recte
1892 1366 2222 1432 judicaverat
2239 1368 2564 1432 Vertranins,

1499 1445 1680 1495 deesse
1716 1459 1982 1496 numerum
2020 1447 2277 1511 regionis=
2326 1446 2453 1496 illud
2477 1461 2565 1495 an-

1498 1529 1606 1571 tem
1645 1522 1812 1571 minus
1843 1528 2004 1584 recte,
2040 1523 2334 1590 legendum,
2372 1523 2568 1585 reg-ione

1500 1597 1915 1660 leatiaeoepeim:
1961 1612 2080 1647 nam
2115 1612 2214 1649 nec
2254 1613 2434 1649 vocem
2458 1606 2566 1649 tam

1498 1673 1728 1735 longam,
1749 1671 1899 1735 cujus
1936 1673 2077 1722 nulla
2097 1673 2149 1722 in
2174 1673 2320 1723 libris
2342 1673 2568 1738 vestigia

1500 1750 1853 1812 reperiuntur,
1875 1756 2070 1798 temere
2102 1750 2259 1799 inseri
2291 1750 2567 1814 receptum

1500 1830 1611 1873 est:
1650 1830 1703 1873 et
1724 1824 1862 1875 Plin.
1887 1837 1972 1874 tu.
1994 1829 2043 1876 6.
2106 1824 2442 1875 Tarracinam
2464 1838 2568 1874 non

1498 1900 1550 1948 in
1596 1901 1819 1965 septima
1868 1900 2078 1965 quidem
2124 1900 2293 1951 Italiae
2338 1900 2566 1964 regione,

1499 1975 1594 2026 sed
1634 1976 1687 2025 in
1737 1976 1904 2041 prima
1949 1976 2154 2026 videtur
2210 1976 2566 2039 constituere3

1499 2060 1821 2116 quapropter
1843 2052 1916 2101 ita
1936 2052 2111 2115 potins
2135 2052 2388 2114 scriptum
2408 2050 2568 2101 fuisse

1499 2129 1764 2191 suspicer:
1814 2128 2005 2190 reg-ione
2037 2128 2082 2177 Ι.
2106 2128 2293 2178 Italia.-
2336 2128 2436 2178 boc
2471 2134 2570 2191 est,

1498 2204 1710 2266 regione
1732 2203 1898 2267 prima
1918 2203 2106 2253 Italiat.
2136 2204 2421 2269 Sequentia
2444 2218 2570 2268 quo-

1498 2293 1601 2343 qne
1658 2279 1844 2328 melius
1898 2279 1974 2329 ita
2026 2280 2273 2330 constitui
2337 2280 2568 2344 credam,

1505 2355 1791 2405 Turraetm
1841 2355 2127 2419 municipio.-
2191 2356 2326 2404 sicut
2377 2355 2572 2405 dicitur

1501 2433 1517 2461 ‘
1543 2432 1727 2481 Patria
1748 2430 1963 2480 Lesbius
1980 2430 2014 2479 ε’
2067 2431 2083 2458 ⁴
2107 2430 2317 2480 natione
2356 2430 2516 2493 Syrus
2535 2428 2571 2481 ι’

1500 2514 1559 2558 et
1581 2507 1782 2557 similia.
1852 2506 2147 2555 Freinshem.

1567 2584 1819 2646 Ingenium
1850 2583 2059 2648 aunan]
2106 2583 2136 2612 ⁸
2185 2581 2573 2634 defensionibus

1503 2659 1816 2724 expertum!
1893 2659 2086 2709 Aunal.
2112 2672 2232 2710 xvt.
2262 2660 2279 2687 ‘
2301 2674 2473 2723 neque
2494 2658 2574 2709 fa·

1502 2739 1636 2789 mosi
1669 2737 1929 2802 carminis,
1964 2736 2088 2802 qnia
2127 2737 2406 2802 protulerit
2428 2736 2572 2799 inge-

1501 2815 1644 2864 nium
1663 2814 1695 2863 ε’
1742 2814 1778 2863 i.
1822 2813 2087 2878 specimen
2125 2812 2375 2863 doctrina
2414 2820 2573 2876 atque

1501 2891 1815 2956 eloquentia
1854 2889 2097 2940 ediderit.
2195 2888 2485 2953 Appuleius
2517 2887 2574 2936 in

1505 2968 1730 3032 Apolog.
1769 2967 1835 3016 de
1873 2965 2290 3015 accusationibus
2322 2964 2574 3013 nobilium

1504 3057 1744 3092 reorum:
1780 3043 1797 3070 ‘
1822 3040 1913 3104 qui
1934 3054 2043 3090 moe
2058 3039 2433 3104 incipientibus
2454 3039 2576 3088 ado·

1506 3117 1806 3167 lescentulis
1851 3114 1917 3164 ad
1970 3113 2332 3164 illustrandum
2380 3114 2577 3177 ingenii

1505 3191 1686 3243 florem
1710 3190 1848 3256 apud
1869 3190 2109 3254 antiquos
2128 3189 2443 3240 concessus.’
2481 3188 2576 3238 Ni·

1505 3270 1711 3333 mirum,
1740 3274 2013 3333 postquam
2051 3265 2354 3330 eloquentia
2396 3265 2573 3315 docte·

1507 3362 1609 3412 que
1629 3344 1838 3397 dicendi
1876 3358 1940 3394 ac
1980 3341 2241 3393 scribendi
2265 3347 2377 3392 arte
2413 3341 2574 3390 incla-

1507 3422 1716 3482 ruisset,
1746 3420 1812 3471 ad
1836 3417 2220 3483 Philosophiam
2243 3432 2362 3468 eum
2382 3432 2438 3466 se
2461 3417 2575 3467 vult

1507 3498 1807 3549 contulisse.
1874 3496 2086 3544 Gronov.

1574 3575 1687 3624 Non
1706 3578 1761 3622 st
1778 3571 2011 3636 plerique]
2043 3569 2577 3634 Disce,juventus,et

1508 3650 1628 3701 vide
1667 3664 1845 3700 verum
1887 3647 2046 3697 finem
2088 3660 2245 3712 quem
2285 3646 2572 3711 Sapientia

1508 3726 1693 3778 studiis
1716 3738 1991 3790 propones.
2052 3724 2264 3787 upa-a

1578 3802 1956 3866 Civisflendor]
2018 3802 2230 3864 'Magnae
2259 3797 2466 3849 laudes:
2517 3802 2576 3846 et

1509 3893 1627 3944 que
1641 3879 1765 3942 jure
1782 3892 1875 3927 nos
1889 3877 2095 3944 rapiant
2110 3877 2161 3926 in
2180 3873 2575 3923 admirationem

1507 3953 1626 4004 viri.
1695 3954 1791 4003 Cui
1810 3952 2045 4003 Tacitum
2066 3952 2236 4014 ipsum
2261 3946 2576 4012 perfamilia-

1509 4044 1619 4080 rem
1643 4028 1822 4091 fuisse,
1838 4028 1964 4078 mibi
1980 4027 2162 4091 liquet.
2228 4025 2351 4076 Non
2371 4023 2576 4072 minora

1508 4105 1577 4155 de
1609 4119 1674 4154 eo
1688 4105 1863 4168 elogia
1881 4104 2096 4167 sparsim
2127 4101 2358 4165 reperias
2379 4100 2432 4148 in
2457 4097 2575 4147 Dis·

1510 4180 1879 4231 certationibus
1924 4178 2153 4241 Epicteti
2210 4175 2350 4239 apud
2398 4174 2575 4224 Arria·

1505 4271 1663 4309 nam:
1711 4265 1770 4309 et
1798 4256 2005 4308 Plinius
2041 4253 2199 4320 etiam
2230 4252 2285 4301 in
2314 4248 2575 4316 Epistolis
