3050 4867
874 413 1020 463 mn.
1063 414 1168 463 v1.
1213 412 1381 467 ou.
1420 397 1531 463 17.
1574 410 2008 463 Αιιιυιιιιιιι.

341 556 408 608 sii
429 556 497 608 de
516 555 709 610 vobis..
745 554 798 608 S.
820 558 1041 610 Basilius
1060 558 1116 609 in
1140 558 1403 611 Psalmum

350 645 467 685 11V.
499 634 813 685 Plutarchus
834 635 887 685 iu
905 637 994 688 lib.
1015 638 1119 702 nep!
1138 639 1225 685 τοῦ
1237 637 1303 697 μὴ
1325 640 1403 687 δα-

347 708 595 773 νείζεσθαι.
662 710 819 763 Nunc
841 714 1008 777 qnae'a
1027 716 1205 764 Tacito
1227 715 1404 763 dicun·

348 794 435 835 tur
445 786 743 850 singillatim
758 789 1151 840 consideremus.
1171 791 1404 838 Muretus.

346 863 450 913 Sed
473 879 733 917 nummum
756 879 857 915 non
891 880 1003 916 esse
1028 881 1133 916 rem
1157 867 1406 926 sterilem,

348 936 414 986 de
433 939 615 988 Usnris
642 954 761 1003 cap.
798 944 846 989 8.
886 955 983 990 nec
1017 939 1182 990 foenns
1206 951 1405 991 naturae

346 1013 763 1079 adversari,cap.
778 1020 859 1064 10.
873 1023 1063 1067 contra
1074 1016 1409 1066 Aristotelem

345 1090 534 1153 probat
565 1089 840 1141 Samus.

420 1165 564 1216 Venas
581 1167 690 1216 arbi
698 1165 896 1227 fembre
912 1168 1109 1231 malum]
1161 1167 1283 1218 Hoc
1299 1182 1330 1218 e
1347 1168 1404 1218 Τ.

348 1238 491 1290 Livio
528 1248 584 1291 et
618 1241 1019 1293 Halicarnasseo
1054 1242 1293 1308 cognosci
1314 1258 1403 1309 po·

350 1325 473 1368 test.
505 1319 742 1369 Muretus.

362 1444 371 1457 ,
410 1395 670 1447 Duodecim
689 1395 864 1446 tabidis
895 1397 1130 1462 mutum]
1179 1397 1254 1450 At
1288 1414 1400 1450 eam

350 1472 662 1524 sanctionem
704 1475 878 1523 Livius
921 1476 985 1525 ud
1019 1476 1106 1525 Μ.·
1140 1476 1401 1528 Duellium

349 1548 494 1598 Trib.
515 1552 588 1612 pl.
610 1548 776 1600 refert
809 1558 928 1614 post
952 1565 1051 1601 xu.
1073 1552 1289 1616 tabulas,
1310 1555 1404 1604 ali·

349 1632 475 1688 quot
497 1625 657 1675 annis.
687 1625 805 1675 Lib.
824 1632 927 1676 vu.
956 1629 972 1656 ⁴
997 1629 1056 1678 C.
1074 1630 1293 1696 Marcio,
1306 1632 1404 1686 Cn.

348 1701 710 1753 Manlio-Coss.
731 1703 795 1753 de
811 1704 1038 1754 unciario
1059 1703 1255 1756 foenore
1279 1723 1310 1758 a
1328 1709 1404 1761 M.

349 1775 558 1826 Duellio
577 1777 880 1844 Tribunopl.
914 1768 1115 1844 ro'gatio
1136 1790 1219 1833 est
1240 1785 1406 1846 perla-

347 1856 434 1900 ta.
486 1859 543 1901 et
564 1854 712 1917 plebs
742 1856 1009 1920 aliquanto
1030 1872 1144 1907 earn
1169 1860 1405 1925 cupidius

350 1927 520 1991 seivit,
539 1933 880 1995 accepitque?
912 1933 1123 1997 Lipsius.

421 2004 846 2069 Unciariosenore]
895 2009 1033 2060 Quid
1057 2010 1126 2060 sit
1145 1984 1408 2060 uncina-{um

335 2075 513 2145 soemoe,
529 2081 736 2132 minime
755 2083 888 2133 inter
909 2099 966 2133 se
987 2086 1346 2135 consentiunt
1333 2100 1409 2135 ιιι-

351 2162 626 2220 terpretes.
666 2160 883 2210 Carolus
904 2160 1141 2225 Sigonius
1162 2163 1227 2212 de
1249 2163 1409 2228 antiq.

340 2238 463 2307 jure
478 2240 690 2292 Roman.
710 2240 797 2290 lib.
811 2256 874 2293 11.
890 2234 1033 2305 αξη.
1055 2239 1183 2290 illud
1202 2241 1267 2291 ad
1292 2256 1412 2292 cen-

353 2315 588 2369 tesimam
615 2314 801 2380 refert,
826 2317 875 2366 id
901 2323 998 2380 est,
1020 2333 1137 2367 cum
1163 2308 1283 2381 pars
1304 2332 1412 2367 sor-

351 2391 419 2447 tis
442 2392 726 2441 centesima
753 2392 965 2457 singulis
1005 2393 1261 2444 mensibus
1284 2408 1409 2459 pen-

351 2467 495 2517 ditur
516 2484 530 2517 2
568 2474 755 2518 contra
773 2468 1150 2528 Muretus,.nec
1172 2483 1276 2520 non
1301 2468 1409 2518 An-

353 2543 525 2592 tonius
548 2542 828 2607 Angustia.
863 2545 938 2595 de‘
961 2547 1160 2610 legibus
1192 2553 1248 2597 et
1269 2547 1333 2599 S..
1346 2548 1407 2598 C.

353 2617 418 2668 ad
456 2619 623 2681 legem
667 2619 892 2669 Duiliam
937 2622 1200 2686 Maeniam,
1234 2623 1410 2672 uncia-

350 2693 479 2755 riam
501 2708 707 2744 usuram
731 2708 844 2745 esse
877 2698 1211 2759 contendunt,
1233 2703 1409 2748 ceute·

352 2770 532 2819 simum
566 2786 824 2822 nummum
863 2772 914 2821 iu
949 2788 1106 2824 anuos
1147 2775 1407 2838 singulos:

352 2856 418 2893 ea
438 2844 658 2895 msxime
677 2846 876 2895 ratione
899 2845 1041 2898 ducti
1064 2865 1078 2910 ς
1114 2848 1251 2914 qnod
1273 2849 1409 2899 illius

352 2925 485 2987 legis
526 2926 769 2989 perlatio,
800 2928 816 2955 ‘
839 2926 961 2977 laeta
1004 2928 1165 2992 plebi,
1203 2930 1411 2993 ingrata

353 3001 602 3068 patribus'
620 2998 984 3067 'divitibusque
1021 3001 1199 3066 fuerit,
1233 3014 1291 3052 nt
1313 3011 1412 3053 tes-

354 3084 505 3131 tatur,
538 3078 714 3129 Livius
754 3077 845 3128 lib.
890 3093 989 3128 vu.
1054 3081 1187 3130 Mihi
1218 3080 1412 3144 Sigonii

349 3152 608 3202 sententia
626 3152 789 3217 magis
810 3155 1073 3217 probatur.
1108 3154 1256 3205 Adeo
1277 3157 1412 3206 enim

350 3228 488 3291 apud
513 3228 752 3293 antiquos
774 3228 1025 3279 Romanos
1045 3228 1413 3281 foeneratorum

352 3303 553 3366 sevitia
594 3311 852 3365 creverat,
894 3311 954 3354 nt
997 3305 1203 3355 minime
1244 3308 1419 3372 mirer,

354 3391 451 3441 pro
474 3392 627 3427 usura
661 3378 767 3428 levi
801 3378 979 3439 fuisse,
1002 3396 1157 3431 unum
1178 3397 1272 3445 pro
1297 3398 1417 3432 cen-

358 3459 467 3511 tum
511 3453 563 3502 in
609 3455 868 3505 mensibus
925 3456 1153 3521 singulis.
1231 3457 1312 3508 Ac
1351 3459 1416 3508 de

352 3543 526 3587 ¹nsnrae
583 3530 789 3594 quidem
847 3534 1172 3597 enormitate,
1224 3534 1416 3598 passim

357 3605 495 3670 apud
526 3606 747 3656 eundem
784 3607 987 3658 Livium
1024 3611 1252 3674 querelas
1286 3608 1419 3660 sedi·

355 3682 626 3746 tionesque
660 3681 858 3745 plebis:
915 3686 1199 3748 praesertim
1221 3684 1312 3735 lib.
1335 3697 1415 3735 vr.

355 3756 374 3785 ‘
394 3771 449 3807 se
508 3757 786 3829 multiplici
845 3757 956 3822 jam
1016 3766 1160 3810 'sorte
1218 3762 1419 3811 exsolu-

360 3836 434 3897 ta,
454 3816 805 3896 mergentibus
845 3849 1048 3899 semper
1070 3845 1264 3887 sortem
1301 3852 1419 3886 nsu-

358 3909 451 3969 ris,
462 3908 701 3959 obrutum
718 3909 911 3960 foenore
932 3925 1060 3961 esse.
1065 3912 1169 3962 ’Et
1181 3914 1317 3979 quod
1332 3929 1418 3963 ιιιι·

360 3978 564 4035 czarium
588 3982 751 4044 foenns
786 3985 927 4050 plebi
959 3983 1119 4036 fuerit
1140 4001 1318 4051 grave,
1341 4002 1418 4037 ar·

354 4052 605 4131 gumento
645 4061 731 4125 sit,
748 4061 886 4126 quod
913 4060 1102 4111 deinde
1142 4062 1208 4111 ad
1242 4077 1422 4113 semun-

2365 391 2544 463 Μ

1478 555 1741 608 mensibus
1780 556 2010 622 exigere,
2031 560 2099 605 et
2129 554 2249 606 ideo
2285 555 2552 613 menstrui.

1480 640 1752 682 exactores
1786 632 1934 685 dicti.
2000 632 2140 682 Hinc
2174 631 2315 696 apud
2345 631 2544 685 Aristo-

1483 710 1699 774 phanem
1734 709 1786 757 iu
1811 708 2068 771 Nubibus,
2088 708 2298 773 quidam
2329 708 2542 761 debitor

1481 784 1654 835 facete
1678 792 1829 849 optet
1864 786 2060 836 Lunam
2081 787 2213 836 coelo
2245 787 2542 852 detrahere,

1483 867 1640 925 atque
1663 874 1956 910 asservare:
1991 862 2168 911 namsi
2199 875 2262 911 cn
2282 877 2542 927 nunquam

1480 935 1801 999 oriretur‚,is
1838 946 2098 1000 nunquam
2132 951 2309 987 usuras
2345 939 2545 1001 persol-

1485 1019 1656 1063 veret:
1681 1019 1736 1061 et
1752 1013 1976 1063 Basilius
1999 1015 2049 1064 in
2063 1013 2252 1064 Psalm.
2268 1026 2386 1064 xiv.
2402 1015 2493 1078 ait,
2508 1029 2542 1071 a

1483 1086 1802 1138 debitoribus
1827 1088 1996 1139 timeri
2018 1103 2234 1155 menses,
2260 1091 2405 1141 velut
2427 1105 2544 1141 usu·

1481 1178 1651 1215 rarum
1692 1171 1884 1230 patres.
1949 1168 2086 1218 Vide
2110 1169 2447 1225 Plutarchum
2471 1158 2541 1221 do

1479 1241 1695 1291 vitando
1719 1257 1824 1293 aere
1844 1243 2033 1295 alieno.
2060 1244 2290 1297 Picum.
2325 1245 2543 1297 Rectius

1476 1316 1720 1367 Muretus
1762 1325 1818 1369 et
1861 1317 2024 1369 Anto.
2063 1319 2403 1384 Augustinus,
2432 1322 2550 1387 qui-

1475 1391 1691 1445 buscum
1713 1394 1993 1445 concordat
2015 1401 2070 1447 et
2102 1395 2352 1460 Sigonius.
2404 1397 2540 1449 vid·

1475 1482 1592 1533 qum
1615 1467 1912 1534 scripsimus
1942 1468 2259 1534 Antexe'gesi
2282 1472 2451 1536 priore
2473 1473 2543 1522 de

1477 1545 1688 1596 Gentes.
1730 1546 1912 1597 Usuris
1965 1553 2023 1597 et
2068 1546 2267 1598 foenore
2311 1549 2542 1603 unciario

1480 1635 1534 1685 p.
1557 1627 1641 1671 ⁶3.
1677 1626 1734 1672 et
1759 1636 1902 1688 seqq.
1940 1624 2232 1675 Gronovius.

1544 1698 1696 1747 Deia-
1716 1698 1959 1759 rogatione
2002 1700 2281 1765 tribunicia]
2345 1702 2543 1755 Decem

1480 1772 1626 1821 aunis
1650 1774 1930 1835 postillam
1953 1773 2164 1825 Duellii.
2207 1776 2410 1827 Livius:
2442 1779 2460 1806 ‘
2481 1780 2543 1828 Τ.

1478 1850 1681 1899 Manlio
1713 1849 2001 1914 Torquato,
2043 1851 2103 1901 C.
2148 1851 2361 1901 Plautio
2397 1853 2541 1905 Coss.

1481 1925 1874 1976 semunciarium
1892 1932 2096 1976 tantum
2112 1934 2176 1979 ex
2198 1926 2431 1981 unciario
2455 1928 2549 1980 foe·

1480 2016 1574 2051 nus
1596 2000 1824 2057 factum?
1858 2002 2070 2065 Lipsius.

1546 2078 1793 2129 Postremo
1822 2079 1970 2127 vetito
1990 2078 2208 2142 versura]
2262 2080 2404 2144 Lege
2443 2079 2548 2130 Ge·

1484 2153 1655 2216 nucia,
1690 2167 1783 2203 sex
1819 2155 1965 2205 aunis
2001 2146 2121 2219 post
2156 2156 2398 2207 Duiliam.
2464 2157 2552 2206 Li·

1485 2229 1598 2279 vius
1640 2229 1731 2283 lib.
1774 2243 1877 2280 vn.
1960 2230 2147 2297 Itaque
2184 2247 2324 2296 saepe
2363 2239 2549 2303 postea

1484 2307 1691 2356 multati
1715 2314 1836 2357 sunt
1865 2305 2216 2372 foeneratores,
2240 2307 2326 2372 qui
2360 2314 2416 2364 et
2452 2323 2545 2372 pu-

1483 2374 1764 2433 niebantur
1782 2398 1936 2448 prena
1968 2383 2310 2449 quadruplici,
2330 2397 2446 2433 cum
2471 2383 2549 2445 fu-

1484 2471 1569 2507 res
1605 2464 1807 2507 tantum
1827 2446 2044 2523 duplici'
2064 2460 2548 2511 condemnarentur.

1483 2533 1563 2583 M.
1586 2533 1739 2596 Cato,
1764 2533 1913 2583 initio
1941 2534 2032 2587 rei.
2055 2535 2279 2585 rusticoe.
2313 2536 2553 2589 Muretus.

1482 2609 1697 2659 Rectius
1732 2623 1907 2659 ttsura:
1958 2609 2093 2675 quod
2133 2609 2270 2659 idem
2310 2611 2550 2663 Muretus

1479 2684 1639 2735 credo
1664 2684 1843 2747 voluit,
1865 2685 2014 2749 cujus
2050 2685 2101 2734 in
2134 2686 2268 2736 libro
2303 2686 2378 2736 sic
2391 2686 2551 2751 jugu-

1481 2760 1613 2810 latas
1656 2761 1849 2824 priores
1889 2760 2069 2811 literas
2112 2761 2307 2824 inveni,
2342 2776 2555 2817 tersum.

1483 2834 1765 2886 Acidalius.
1851 2837 2012 2885 Error
2051 2835 2287 2887 Acidalio
2331 2851 2557 2888 commu-

1482 2902 1561 2962 nis
1584 2927 1700 2962 cum
1722 2911 1893 2962 doctis
1925 2911 2212 2963 hominibus
2245 2913 2439 2976 multis,
2461 2912 2552 2978 qui

1481 3004 1662 3059 parum
1685 2995 1959 3059 ceperunt,
1975 2989 2097 3054 qnid
2120 2995 2262 3045 esset
2281 2990 2550 3039 veteribus

1480 3080 1692 3127 versura,
1711 3065 1866 3115 etiam
1892 3070 2160 3128 postquam
2186 3064 2235 3111 id
2259 3064 2554 3128 planissime

1481 3141 1732 3191 docuerat
1771 3140 2064 3189 Salmasius.
2144 3139 2278 3187 vide
2318 3138 2555 3188 Antexe·

1487 3216 1631 3279 gesin
1671 3214 2013 3279 posteriorem
2057 3214 2360 3279 p.162.et
2404 3229 2552 3281 seqq.

1489 3286 1776 3340 Gronovius.

1558 3366 1758 3415 obviam
1795 3367 1915 3415 itum
1944 3364 2223 3432 fraudibus]
2294 3328 2553 3418 Fraudem

1490 3445 1742 3509 quomodo
1763 3441 2013 3502 facerent,
2036 3458 2152 3491 cum
2181 3444 2232 3490 in
2265 3442 2427 3491 socios
2465 3457 2555 3492 no·

1490 3520 1630 3567 mina
1684 3517 2108 3579 transcriberent,
2167 3532 2444 3581 cognosces
2487 3532 2556 3573 ex
2655 3549 2661 3559 ι

1492 3595 1639 3645 Livio
1659 3594 1750 3644 lib.
1779 3606 1953 3643 xxxv.
1991 3595 2226 3643 Muretus.

1557 3671 1628 3720 Et
1665 3669 1960 3733 concedente]
2025 3670 2109 3719 Sic
2170 3668 2296 3719 ferri
2341 3664 2553 3734 potest}

1489 3748 1696 3798 mallem
1723 3754 1895 3798 tamen
1915 3783 1930 3809 ‚
1961 3761 2013 3795 eo
2034 3747 2326 3797 eoncedente.
2370 3746 2522 3797 Pich.

1558 3824 1690 3875 Cu».
1711 3828 1791 3873 17.
1816 3824 1953 3873 Duas
1967 3821 2358 3888 quisqnefenoris
2372 3822 2557 3887 partes]

1491 3900 1613 3950 Hac
1649 3898 1713 3948 de
1731 3913 1789 3948 re
1810 3898 2229 3949 Sueton.'1'iber.
2265 3903 2346 3949 48.
2409 3897 2425 3926 ‘
2449 3898 2558 3947 Per

1490 3976 1683 4028 SCtum
1696 3976 1887 4037 sanxit,
1899 3982 1959 4026 nt
1970 3974 2289 4026 feneratores
2302 3976 2427 4024 duas
2445 3989 2560 4037 per

1494 4058 1575 4103 tes
1597 4053 1649 4101 in
1661 4054 1769 4102 solo
1789 4053 2138 4102 collocarent:
2159 4051 2420 4100 debitores
2438 4048 2561 4098 toti-

357 4134 556 4187 aaran
594 4136 863 4187 redactum
900 4134 1020 4199 fuit,
1054 4136 1235 4186 eodem
1272 4138 1422 4188 Livio
1496 4129 1612 4180 dem
1630 4129 1749 4179 aeris
1771 4129 1927 4179 alieni
1947 4128 2119 4177 statim
2140 4122 2434 4177 solverent!
2470 4124 2557 4174 Sic

354 4217 514 4267 teate.
583 4213 857 4264 Praeterea
886 4213 1014 4263 setis
1048 4219 1272 4275 constat,
1305 4213 1423 4264 soli-

1495 4203 1698 4255 Plinius
1719 4216 1796 4256 vr.
1847 4204 2015 4267 Epist.
2038 4203 2103 4252 de
2127 4203 2317 4252 Senatu
2353 4213 2560 4253 suornm

350 4292 467 4360 tum
526 4283 956 4355 foeneratoribus,
982 4278 1163 4341 usuras
1208 4288 1422 4355 singulis
1499 4288 1815 4350 ιιοιιιροιιιιιι
1852 4281 1868 4311 ‘
1892 4278 2196 4331 Patrimouii
2219 4275 2425 4328 tertiam
2446 4287 2566 4340 par·
