3050 4867
551 368 725 440 ⁴324

550 530 1121 595 antoninianus-G.
1145 546 1192 582 ο.
1233 528 1428 594 Tungri
1450 530 1613 594 pulsis

552 605 739 670 Gallis,
751 606 889 658 δια·
914 607 1060 657 Han-L
1085 607 1115 636 ·
1132 607 1251 658 Hoc
1265 607 1614 667 vnlt'l'acitns,

551 697 669 744 cum
690 682 854 744 addit,
869 697 980 732 mox
993 698 1024 731 a
1038 697 1088 732 se
1107 683 1241 746 ipsis,
1254 682 1442 732 invento
1463 681 1613 730 neuti-

547 773 623 822 ue,
642 758 868 808 Germani
882 761 1355 810 vocarentmNemo
1369 761 1422 809 in
1441 768 1613 822 poste·

551 845 664 883 rum
688 833 970 898 dubitabit,
1000 836 1123 900 quin
1161 835 1475 885 vexatissimi
1508 833 1611 884 loci

550 924 615 958 ea
658 910 917 959 sententia
960 910 1047 973 sit,
1083 925 1232 975 qnam
1261 910 1610 973 exposuimus.

551 984 644 1035 Vis
668 985 825 1035 etiam
849 986 1117 1048 exempla?
1155 984 1297 1035 Otho
1320 984 1612 1049 Frisingen·

552 1059 622 1111 sis
668 1060 859 1110 Chron.
885 1061 1101 1111 Henrici
1128 1074 1203 1110 tv,
1238 1061 1572 1126 Imperatoris
1594 1078 1609 1109 ι

547 1136 565 1164 ‘
587 1135 782 1187 Omnes
816 1137 1164 1188 occidentales
1179 1139 1414 1201 populos,
1454 1139 1613 1188 Fran-

551 1228 658 1276 cos,
683 1215 750 1264 ob
784 1214 1043 1279 antiquam
1089 1214 1258 1277 gentis
1297 1213 1431 1262 illius
1453 1214 1613 1264 virtu·

554 1296 661 1341 tem
682 1296 739 1341 et
753 1290 1079 1354 dignitatem,
1113 1288 1410 1339 orientales
1433 1291 1612 1354 appel-

551 1366 659 1415 lare
682 1365 886 1414 solent.'
955 1364 1110 1416 Quod
1132 1372 1189 1415 et
1226 1364 1288 1414 fit
1314 1366 1611 1417 etiamnum.

553 1440 902 1503 Hieronymus
933 1439 1150 1491 Osorius
1180 1439 1248 1490 de
1272 1441 1431 1505 gestis
1463 1443 1613 1492 Ema-

550 1516 718 1565 nuelis
732 1515 886 1578 Regis
905 1515 1185 1565 Lusitanioe
1208 1517 1301 1568 lib.
1315 1530 1368 1566 v.
1393 1521 1408 1545 ‘
1427 1517 1612 1581 Camp-

552 1606 644 1642 son
687 1591 901 1656 AEgypti
942 1591 1224 1655 imperator
1261 1592 1406 1642 misit
1427 1593 1617 1643 multos

549 1681 619 1718 ex
643 1667 764 1729 illis,
787 1682 916 1733 quos
937 1667 1079 1728 olim,
1100 1667 1223 1716 dum
1260 1667 1384 1716 illud
1409 1668 1614 1732 irnperi-

551 1756 638 1792 um
663 1737 887 1807 rigebat,
921 1743 1239 1793 Mamelucos
1263 1744 1617 1808 appellabant,

550 1819 644 1883 qni
675 1819 725 1869 in
753 1820 978 1884 pueritia
999 1835 1029 1869 a
1054 1820 1357 1886 Christianis
1390 1822 1617 1885 parenti-

551 1893 651 1943 bus
668 1907 765 1958 per
789 1895 888 1945 vim
907 1894 1141 1958 abducti,
1160 1903 1216 1945 et
1238 1896 1614 1947 Mabumetnnis

549 1970 804 2021 institutis
835 1971 1037 2035 imbuti,
1078 1979 1135 2021 et
1163 1973 1316 2021 armis
1339 1972 1616 2042 diligenter

551 2046 790 2108 exerciti,
847 2047 1050 2096 beuteae
1110 2047 1395 2112 disciplinas
1450 2052 1614 2102 laudi-

552 2119 651 2170 bus
691 2121 1035 2171 excellebant.
1104 2123 1217 2172 Hos
1255 2123 1374 2172 Indi
1404 2126 1615 2190 Rumes,

549 2194 605 2243 id
663 2200 761 2257 est,
812 2195 1083 2261 Romanos,
1136 2198 1409 2251 vocabant.
1477 2202 1613 2251 Nam

552 2284 668 2320 cnm
690 2284 755 2320 ex
780 2272 1004 2337 antiquis
1023 2275 1364 2325 monumentis
1386 2278 1613 2341 accepis-

550 2351 689 2409 sent,
734 2353 979 2411 quantum
1017 2349 1299 2400 Romanum
1339 2351 1611 2415 imperium

550 2421 762 2486 reliquis
797 2423 1038 2486 gentibus
1062 2425 1268 2474 militari
1291 2427 1456 2488 gloria
1478 2443 1611 2492 prae·

549 2496 784 2559 stitisset,
823 2513 940 2564 cnm
979 2500 1199 2562 primum
1236 2501 1286 2550 in
1328 2502 1528 2553 Indiam
1560 2505 1611 2553 ni

549 2570 751 2620 Sultani
791 2572 979 2622 milites
1025 2574 1216 2624 invecti
1254 2585 1611 2640 sunt,eorum·

552 2647 652 2714 que
677 2646 847 2708 robur,
879 2655 932 2695 et
967 2648 1019 2697 in
1050 2664 1107 2699 re
1139 2651 1348 2703 militari
1380 2653 1612 2718 discipli·

551 2737 671 2790 nam
695 2740 755 2774 ac
784 2725 1086 2775 industriam
1110 2730 1484 2793 percepissent,
1508 2733 1610 2782 Ro-

548 2812 728 2848 manos
751 2799 1209 2864 essejndicarnnt.’
1273 2804 1455 2867 Vides,
1485 2821 1611 2870 quo·

548 2874 701 2924 modo
740 2889 771 2924 u
798 2876 997 2926 victore
1022 2878 1233 2941 populo,
1268 2879 1402 2940 aliis,
1424 2881 1608 2930 vicinis

550 2952 793 3014 maxime,
815 2953 1116 3017 plerumque
1135 2954 1437 3008 vocabulum
1471 2955 1612 3007 indu-

551 3033 654 3076 tur.
729 3027 1040 3078 Batavorum
1084 3044 1270 3080 nomen
1308 3046 1424 3080 cum
1459 3032 1609 3081 unius

551 3102 670 3151 olim
714 3103 765 3153 in
812 3101 1056 3154 inferiore
1093 3107 1202 3154 sive
1227 3106 1452 3155 secunda
1476 3107 1607 3157 Ger·

550 3178 723 3228 mania
745 3179 966 3228 nationis
1000 3179 1177 3241 fuerit,
1213 3182 1385 3243 hodie,
1406 3182 1471 3231 ob
1496 3184 1610 3247 ejus

551 3253 928 3313 celebritatem,
959 3255 1055 3304 sibi
1096 3257 1253 3304 etiam
1279 3258 1513 3307 tribuunt
1537 3258 1610 3306 vi-

551 3325 655 3375 cini
676 3327 877 3390 Belgae,
904 3329 1134 3391 inprimis
1156 3329 1243 3392 qui
1268 3344 1402 3379 nunc
1427 3332 1611 3382 Foede·

550 3402 651 3451 rati
671 3402 932 3452 dicuntur.
999 3405 1069 3453 Et
1101 3405 1182 3453 hic
1206 3403 1369 3464 vides,
1393 3409 1609 3469 populos

551 3490 583 3526 a
626 3491 682 3526 se
727 3478 848 3542 ipsis
887 3471 1053 3526 alieno
1095 3487 1150 3527 et
1188 3478 1372 3527 illustri
1405 3482 1610 3531 nomine

551 3553 825 3616 appellari.
891 3553 1110 3615 Sedjam
1134 3556 1442 3605 excessimus
1467 3557 1610 3607 insti-

551 3633 742 3689 tutum,
782 3634 838 3677 et
863 3629 1135 3691 Natarum,
1174 3646 1298 3695 quas
1320 3647 1470 3698 qnam
1495 3633 1610 3684 bre-

550 3704 782 3753 vissimas
821 3704 906 3753 bic
949 3719 1059 3755 esse
1082 3708 1352 3771 voluimus,
1382 3707 1607 3759 modum.

550 3781 871 3831 Boxum-nius.
937 3782 1039 3833 Qui
1081 3782 1191 3833 scil.
1225 3798 1360 3835 nunc
1394 3785 1608 3850 Tungri,

549 3856 624 3905 illi
650 3863 770 3905 ante
797 3856 1041 3906 Germani
1073 3855 1364 3922 attdierunt,
1399 3860 1508 3909 sive
1532 3863 1611 3925 ip-

550 3935 705 3986 simet
728 3935 823 3985 sibi
848 3937 941 3986 boc
965 3950 1150 3984 nomeu
1183 3937 1482 3999 indiderint,
1500 3939 1609 3986 sive

550 4025 583 4060 a
627 4010 871 4059 Romanis
909 4020 998 4060 aut
1040 4011 1205 4059 Gallis
1247 4013 1465 4077 coeperit
1497 4014 1607 4063 lioec

551 4085 832 4148 appellatio
861 4102 873 4132 ε
926 4085 1062 4149 quod
1108 4087 1364 4149 posterius
1414 4087 1609 4138 Strabo

551 4158 742 4208 diserte
768 4167 1006 4223 testatur,
1030 4167 1086 4210 et
1101 4160 1269 4212 innuit
1283 4161 1493 4212 Tacitus
1517 4164 1608 4212 ad-

551 4232 698 4299 dens,
729 4237 883 4286 wenti
902 4237 1031 4287 sint.-
1075 4252 1239 4304 eoque
1261 4236 1396 4288 forte
1418 4246 1499 4289 est
1523 4253 1610 4290 ve·

1249 384 1465 434 1101·AE
1512 383 1915 436 vammum
1970 384 2050 432 m

1686 528 1961 580 risi-iilius.
2024 530 2216 580 Sensus
2251 528 2337 578 hic
2372 526 2553 592 fuerit,
2591 528 2761 584 &tx-³.

1688 605 1991 668 Ceut-incius.
2055 607 2224 656 Locus
2246 621 2313 655 ex
2347 605 2463 666 illis,
2482 606 2535 654 in
2556 606 2747 669 quibus

1685 680 1886 744 majore
1908 696 2027 731 cnm
2063 681 2255 732 fiducia
2286 681 2521 732 destruas
2554 682 2746 743 aliena,

1686 769 1837 819 qnam
1861 756 2084 808 moliaris
2103 763 2160 804 et
2176 763 2341 805 struas
2357 763 2464 806 tua.
2530 758 2753 816 Utcum-

1686 844 1786 895 que
1830 839 2003 881 autem
2041 830 2250 882 defendi
2290 832 2452 894 possit
2484 847 2515 880 a
2551 831 2749 896 uidere,

1686 906 1857 956 malim
1896 913 2065 958 tamen
2089 922 2121 955 a
2148 907 2358 968 uictrice,
2391 914 2449 957 ut
2482 907 2745 958 referatur

1686 981 1751 1032 ad
1788 984 2043 1034 noema.
2109 982 2312 1034 Deinde
2343 984 2617 1049 utrobique
2656 983 2747 1033 ad-

1686 1059 1838 1109 mitto
1911 1058 2222 1122 scripturam
2284 1059 2741 1122 Bambergensem.

1682 1125 1920 1184 ¹Sensus:
1978 1141 2039 1184 ut
2089 1135 2497 1185 Transrhenanoe
2542 1143 2745 1201 gentes,

1685 1210 1831 1261 δια·
1866 1211 2149 1261 Gmnooius.
2612 1253 2619 1260 .

1751 1287 1886 1337 Cu.
1929 1291 1979 1336 8.
2037 1286 2255 1337 Virorum
2293 1287 2516 1348 sortium.
2587 1288 2743 1352 Iun-1]

1687 1363 1855 1413 Recte
1878 1362 2105 1414 distinxi.
2170 1364 2289 1414 Non
2310 1363 2446 1413 enim
2485 1378 2551 1414 ea
2580 1379 2753 1426 mens,-

1686 1438 1825 1503 quod
1864 1438 2143 1489 Herculem
2190 1445 2422 1488 canant:
2465 1439 2557 1489 sed
2603 1441 2741 1505 qnod

1687 1513 1886 1562 alacres
1919 1520 1975 1562 et
2010 1527 2127 1562 cnm
2161 1520 2321 1564 cantu
2342 1514 2593 1577 incipiant
2613 1530 2745 1579 pug-

1686 1602 1798 1638 nas.
1863 1588 2078 1638 Tacitus
2122 1589 2323 1638 Hister.
2363 1590 2454 1639 lib.
2482 1604 2547 1639 u.
2601 1592 2617 1619 ‘
2641 1591 2745 1641 Te-

1686 1676 1829 1712 mere
1873 1663 2153 1714 subenntes
2189 1666 2428 1715 cobortes
2462 1667 2745 1718 Germano-

1686 1753 1818 1797 rum,
1860 1747 2019 1790 cantu
2073 1742 2226 1804 truci,
2280 1750 2336 1792 et
2385 1757 2526 1794 more
2571 1745 2742 1807 patrio

1686 1814 1836 1864 nudis
1867 1816 2208 1879 corporibus!
2262 1816 2381 1867 Lib.
2414 1831 2494 1867 ιν.
2526 1820 2542 1846 ‘
2571 1820 2647 1869 Ut
2669 1821 2744 1870 vi·

1687 1904 1856 1942 rorum
1916 1897 2092 1954 cantu,
2152 1890 2475 1942 foeminarum
2534 1894 2743 1945 -ululatu

1686 1966 1858 2016 sonuit
1877 1965 2050 2016 acies-⁹
2085 1966 2225 2017 Noto
2248 1961 2431 2016 autem'
2445 1968 2604 2018 etiam
2622 1969 2759 2028 His-,

1687 2055 1848 2104 panos
1887 2042 2076 2105 praeliis
2100 2042 2446 2107 praecinuisse,
2488 2058 2556 2094 ex
2576 2045 2701 2096 Silio
2726 2061 2743 2094 :

1684 2116 1700 2142 ⁴
1720 2117 1825 2165 ritu
1836 2116 1947 2180 jam
1969 2116 2122 2165 moris
2142 2116 2283 2166 Iberi
2306 2117 2551 2167 Carmina
2576 2120 2746 2183 pulsa·

1687 2197 1741 2241 ta
1780 2191 2080 2242 fundentem
2116 2192 2339 2244 barbara
2360 2195 2545 2245 cetra!
2612 2195 2742 2246 Dio·

1685 2268 1839 2319 dorus
1881 2269 2100 2330 Siculus,
2132 2269 2198 2319 de
2228 2269 2516 2328 Lusitanis:
2546 2271 2625 2320 Ἐν
2644 2274 2745 2322 τοῖς

1682 2342 1905 2404 πολέμου
1924 2344 2038 2408 πρὸς
2054 2344 2222 2407 ῥυθμὸν
2243 2345 2532 2409 ἐμβαίνουσι,
2545 2347 2623 2396 καὶ
2635 2365 2741 2396 παι-

1686 2423 1797 2471 ᾶνας
1812 2421 2000 2487 ᾀδοῦσιν
2012 2421 2127 2471 ὅταν
2148 2421 2308 2471 ἐπίωσι
2339 2425 2439 2472 τοῖς
2466 2422 2742 2486 ἀντιτεταγ-

1682 2496 1838 2568 μένοις
1859 2515 1873 2547 2
1917 2499 1972 2547 In
1992 2498 2124 2548 benis
2157 2499 2219 2548 od
2240 2513 2481 2548 numerum
2504 2500 2740 2561 incedunt,

1684 2581 1733 2624 et
1787 2574 2000 2624 carmina
2041 2581 2214 2624 munt
2253 2591 2359 2625 cuns
2397 2579 2755 2640 wadia-ev.

1683 2649 1877 2699 hostem.
1940 2649 2115 2700 Simile
2139 2651 2188 2697 in
2218 2649 2504 2700 Thracibus
2526 2652 2740 2717 aliisque

1685 2725 1927 2774 Bar-baris
1962 2723 2133 2783 fuisse,
2166 2725 2341 2774 notavi
2363 2724 2428 2774 ad
2450 2725 2636 2776 Annal.
2660 2742 2737 2777 nv.

1684 2801 1894 2864 Lipsius.

1753 2877 2055 2940 Primumque
2076 2877 2281 2925 omnium
2302 2875 2510 2926 virorum
2531 2877 2739 2936 sor-eitun

1684 2951 1805 3000 ituri
1823 2952 1876 3000 in
1889 2951 2062 3016 proelt'o
2081 2951 2279 3014 munt]
2314 2951 2400 3000 Ita
2412 2952 2738 3018 distinguunt

1687 3035 1891 3076 veteres
1909 3041 2103 3075 omues.
2142 3027 2318 3077 Mutat
2339 3026 2564 3090 Lipsius,
2585 3044 2736 3096 punc·

1685 3109 1753 3158 to,
1779 3108 1895 3166 post
1928 3116 2104 3151 vocem
2126 3102 2333 3163 sortium
2365 3104 2605 3167 apposito
2629 3121 2644 3152 ε
2679 3111 2737 3154 ut

1685 3178 1930 3229 Germani
1951 3194 2050 3229 nou
2091 3179 2391 3240 Herculem,
2435 3179 2528 3229 sed
2550 3178 2741 3244 simpli-

1684 3254 1817 3303 citer
1852 3262 2058 3304 canant.
2124 3255 2237 3318 Ego
2270 3263 2353 3305 sto
2397 3270 2492 3319 pro
2533 3257 2739 3321 antiqua

1685 3329 2035 3380 distinctione.
2104 3330 2217 3379 Nec
2259 3332 2395 3380 enim
2423 3332 2549 3382 alias
2585 3333 2740 3384 dixis-

1682 3407 1796 3466 set;
1841 3404 1967 3454 Sunt
2004 3406 2102 3454 iuis
2137 3406 2237 3455 ltoec
2276 3421 2452 3470 quoque
2492 3409 2736 3458 cumina:

1685 3481 1822 3530 aliud
1862 3482 1970 3531 scil.
2008 3497 2171 3546 genus
2204 3483 2506 3548 carminum,
2548 3494 2740 3549 praeter

1683 3557 1758 3615 id,
1784 3573 1884 3621 quo
1907 3559 2115 3608 annales
2134 3561 2510 3610 memorabant.
2578 3563 2737 3613 Cane·

1684 3631 1811 3681 bant
1853 3632 2029 3697 itaque
2048 3632 2215 3684 fortes
2236 3635 2393 3697 viros,
2414 3638 2735 3703 primumque

1682 3708 1819 3758 inter
1835 3724 1921 3758 eos
1944 3710 2240 3773 Herculem,
2277 3711 2477 3762 illorum
2499 3714 2609 3764 scil.
2632 3715 2753 3766 lan-.

1683 3783 1793 3846 des,
1811 3793 1867 3836 et
1891 3800 1971 3835 res
2007 3795 2196 3849 gestas,
2220 3788 2340 3838 ituri
2382 3789 2434 3838 in
2467 3791 2666 3853 proelia,
2682 3799 2740 3842 nt

1683 3860 1842 3912 etiam
1865 3863 1915 3910 in
1939 3863 2223 3915 annalibus.
2290 3865 2336 3914 N
2344 3880 2426 3916 arn
2448 3866 2574 3917 Tac.
2600 3867 2737 3921 Ann.

1684 3950 1746 3985 n.
1770 3936 1820 3985 iu
1849 3936 1968 4000 fine,
2007 3939 2071 3988 de
2114 3938 2343 3990 Arminio
2366 3940 2531 3991 dixit:
2566 3945 2583 3970 ‘
2605 3944 2741 3996 cani-

1685 4018 1869 4077 turque
1893 4014 2058 4066 adhue.
2080 4013 2323 4064 barbaras
2354 4016 2493 4079 apud
2527 4007 2740 4082 gentes:

1690 4087 1914 4139 Pione-a.
2748 4135 2757 4142 .

1748 4161 2006 4216 Ber-ditm
2016 4166 2207 4229 omna]
2236 4167 2264 4196 ⁸
2286 4168 2595 4222 Germanico
2614 4172 2741 4222 item

1686 4241 1862 4292 verbo.
1942 4241 2205 4308 Quidquid
2261 4241 2328 4293 de
2380 4244 2588 4298 nomine
2634 4246 2731 4308 sit3
