3050 4867
372 447 377 453 ·
478 407 657 478 8782

480 565 719 618 Desitun
732 566 844 632 jun
880 565 1084 631 pridem
1106 564 1361 616 orationis
1379 579 1543 629 genus

480 643 649 707 ipsum
682 657 887 707 quoque
923 642 1185 693 Tiberium
1222 640 1541 692 adverterat.

480 718 617 769 Tum
641 718 747 780 ille,
759 721 775 747 ‘
794 718 966 781 Audi‚’
984 718 1164 783 inquit,
1182 719 1199 747 ‘
1216 719 1407 782 Cesar,
1419 718 1543 783 quid

483 794 574 854 sit,
617 794 752 859 quod
789 809 965 845 omnes
1002 809 1098 844 nos
1141 793 1239 844 tibi
1277 805 1544 844 succense-

481 882 827 933 mus:.neque
865 877 1033 919 tamen
1072 871 1342 935 quisquam
1377 871 1544 920 libere

485 946 666 1002 dicere
689 948 884 998 audet!
951 949 1340 999 cohorruerunt
1369 961 1545 998 omnes

485 1022 804 1085 dubitantes,
833 1038 933 1088 quo
960 1026 1167 1074 tandem
1201 1038 1448 1074 evasurus
1469 1036 1546 1072 es·

483 1105 582 1150 set.
648 1097 722 1148 At
755 1099 859 1156 ille,
890 1100 907 1127 ⁸
931 1097 1199 1163 Negligis,’
1220 1099 1408 1164 inquit,
1434 1099 1450 1126 ‘
1471 1104 1547 1147 te·

483 1174 779 1238 metipsum,
833 1176 1139 1237 (dicendum
1193 1176 1328 1226 enim
1380 1175 1548 1225 libere

488 1249 591 1315 est)
630 1266 800 1317 neque
822 1253 1058 1317 corporis
1091 1254 1165 1303 tui
1191 1267 1365 1303 curam
1387 1253 1548 1303 ullam

486 1327 650 1391 gerisz
685 1343 920 1379 maceras
965 1338 1019 1380 te
1061 1330 1266 1380 assidue
1304 1331 1440 1381 curis
1484 1345 1548 1379 ac

483 1403 745 1455 laboribus
773 1420 929 1457 causa
947 1412 1129 1456 nostra
1150 1406 1435 1471 susceptis:
1460 1419 1549 1455 ne-

482 1495 587 1545 que
619 1481 847 1531 interdiu
884 1496 1053 1547 neque
1084 1488 1243 1532 noctu
1281 1482 1551 1547 conquies-

487 1554 594 1606 cis!
634 1557 788 1606 Talia
807 1558 970 1607 multa
985 1558 1321 1608 continuante
1345 1572 1408 1606 ac
1426 1570 1550 1606 cou-

491 1639 707 1684 texente
729 1634 839 1697 illo,
863 1635 1069 1685 Cassius
1088 1635 1317 1684 Severus
1340 1634 1406 1684 ad
1438 1648 1548 1695 eos,

488 1709 575 1773 qui
593 1709 691 1759 sibi
705 1709 1334 1774 adsidebangconversus,
1350 1711 1368 1738 ‘
1379 1714 1550 1764 Quam

486 1784 696 1848 metuo,'
721 1784 904 1849 iuquit,
934 1787 952 1815 ‘
973 1799 1039 1836 ne
1073 1786 1161 1836 iiia
1193 1785 1409 1836 libertas
1428 1786 1548 1837 huic

484 1860 673 1910 homini
696 1861 919 1910 exitiosa
940 1861 1046 1911 sit!
1080 1863 1320 1911 Muretus.

553 1937 735 1998 Cor-pas
771 1934 997 1997 haman]
1083 1936 1187 1988 Qui
1231 1935 1412 1997 honor,
1451 1936 1549 1985 nisi

486 2008 657 2075 fallor,
673 2011 834 2061 Sulla».
856 2011 1063 2062 habitus
1098 2010 1264 2075 primo
1297 2011 1550 2060 Romano·

490 2100 618 2135 rum.
685 2084 983 2151 Appianum
1006 2087 1123 2149 lege
1145 2099 1185 2136 1.
1209 2085 1361 2135 civil.
1396 2085 1531 2149 [Aps.

555 2162 785 2212 flama-5⁸
814 2161 1104 2225 senatum]
1169 2162 1251 2211 Ex
1288 2161 1552 2226 cubiculo,

488 2239 541 2288 iu
579 2252 680 2302 quo
713 2244 947 2287 mortuus
970 2245 1106 2300 erat,
1135 2237 1470 2302 quadraginta
1490 2238 1551 2286 il-

489 2316 595 2365 lum
635 2313 938 2378 pretoriani
969 2314 1160 2365 milites
1196 2316 1250 2364 in
1289 2314 1550 2379 publicum

488 2391 799 2441 extulerant.
866 2391 1000 2441 Inde
1018 2391 1320 2442 decuriones
1341 2391 1550 2442 munici-

490 2465 688 2530 piorum
712 2474 769 2516 et
789 2467 1103 2516 coloniarum
1126 2467 1356 2519 Bovillas
1388 2481 1551 2532 usqne

489 2543 920 2605 deportaverunt.
1008 2543 1092 2594 Ibi
1142 2558 1260 2594 eum
1309 2551 1554 2609 equester

490 2619 618 2668 ordo
632 2627 927 2683 susceptum
950 2620 1001 2669 in
1018 2621 1200 2670 urbem
1218 2621 1488 2685 intulerat,
1496 2628 1555 2672 et

491 2694 546 2743 in
564 2694 820 2745 vestibulo
843 2695 1025 2745 domus
1048 2697 1349 2747 collocarat.
1400 2697 1555 2748 Unde

491 2776 763 2834 acceptum
785 2780 1049 2822 senatores
1071 2773 1122 2822 in
1143 2774 1397 2838 Campum
1415 2775 1558 2824 Mar-

490 2847 623 2896 tium
658 2847 964 2900 intulerunt.
1030 2848 1117 2898 Ita
1149 2849 1238 2914 qui
1275 2851 1419 2899 vivus
1448 2865 1555 2900 om·

491 2923 631 2973 nium
674 2923 973 2974 libertatem
1018 2932 1374 2989 oppresserat,
1421 2942 1558 2980 mor-

490 3005 612 3050 tuus
634 2999 859 3049 omnium
881 3000 1118 3051 humeros
1137 3003 1342 3066 pressit.
1377 3003 1558 3053 Mara.

554 3075 761 3126 Remini&
803 3075 994 3140 Cesar]
1059 3076 1231 3128 Quid?
1283 3092 1385 3130 non
1429 3094 1558 3143 ergo

492 3154 689 3205 elatum
726 3168 916 3218 corpus
956 3155 1180 3206 humeris
1219 3156 1554 3207 Senatorum?

494 3230 591 3279 Est
633 3245 772 3281 vero.
856 3231 1163 3281 Suetonius:
1215 3232 1555 3286 ‘Senatorum

490 3305 714 3355 humeris
728 3305 951 3356 -deiatus
986 3309 1038 3357 in
1078 3322 1323 3372 campum
1360 3325 1556 3361 crema·

492 3380 711 3446 tusque.'
778 3381 927 3431 Idem
953 3383 1074 3433 Dio.
1137 3384 1213 3433 At
1236 3385 1560 3437 Remittendi

494 3456 708 3507 verbum
733 3472 795 3507 eo
820 3459 978 3520 valet,
1014 3468 1072 3510 ut
1108 3474 1209 3509 non
1246 3461 1316 3510 sit
1344 3460 1562 3513 factum.

492 3533 609 3585 Hb.
629 3547 705 3585 tv.
739 3535 999 3585 ‘Remissa
1036 3535 1290 3585 AEdilibus
1327 3538 1444 3587 talis
1467 3554 1556 3589 cu-

493 3610 589 3662 ra.’
657 3610 774 3661 Lib.
823 3623 904 3660 ιιι.
950 3614 964 3639 ⁸
984 3612 1326 3662 Hortautibus
1368 3613 1556 3666 debinc

492 3686 719 3738 inediam
757 3693 813 3738 et
853 3688 1022 3738 levem
1046 3689 1260 3750 exitum,
1286 3690 1555 3742 remittere

492 3761 804 3822 beneficium
851 3764 1115 3815 Asiaticus
1171 3766 1280 3816 ait.'
1365 3766 1555 3817 Scribo

493 3853 637 3905 ergo,
654 3840 875 3903 permisit
899 3842 1082 3889 Cesar.
1128 3840 1231 3890 Sed
1253 3855 1365 3891 eam
1388 3843 1554 3906 ipsam

493 3914 877 3979 permissionem
923 3923 1249 3979 arrogantem
1289 3930 1403 3965 esse
1445 3919 1555 3968 vult

490 3990 740 4044 Tacitus:
762 3991 882 4055 quia
904 4005 999 4054 per
1023 3991 1252 4053 speciem
1272 3991 1558 4055 modestiae,

492 4073 551 4118 at
571 4065 718 4132 quasi
741 4080 968 4129 pugnare
1012 4080 1127 4116 cum
1158 4066 1351 4116 Senatu
1376 4068 1558 4129 nollet,

490 4141 674 4194 babuit
725 4142 1089 4205 amplissimum
1138 4140 1371 4191 ordinem
1418 4143 1558 4194 inter

491 4217 823 4281 vespillones.
900 4216 1078 4268 Simile
1120 4217 1248 4267 illud
1293 4218 1329 4268 Ι.
1361 4231 1444 4268 vr.
1487 4218 1557 4272 de

494 4289 677 4343 Asinio
710 4290 893 4344 Gallo:
925 4291 944 4320 ‘
961 4292 1559 4376 consultusque—§Cacsar

1102 437 1111 450 ·
1177 419 1396 474 ΝΟΤΒ
1438 424 1846 475 ·VAE{ORUM
1898 425 2006 478 ΙΝ·
2051 441 2064 454 ·

1618 579 1683 614 an
1707 565 1916 629 sepeliri
1941 565 2155 630 sineret,
2174 579 2279 617 nou
2315 564 2523 618 erubuit
2559 580 2688 632 pere

1619 641 1863 702 mittere!
1893 641 2105 705 Lipsius.

1682 716 1810 767 Aa.
1844 716 1930 766 De
1950 716 2274 767 correctione
2296 731 2430 767 nunc
2452 717 2677 782 ambigo,

1620 793 1742 857 quia
1782 793 1961 842 docuit
1999 808 2081 843 me
2122 795 2201 843 vir
2239 795 2326 845 ilie
2361 795 2448 859 qui
2483 809 2681 859 omues,

1620 868 1914 935 (Cujacium
1971 870 2104 932 dico,
2139 885 2291 936 quem
2346 886 2497 922 nemo
2550 872 2682 923 satia

1621 961 1860 1010 umquam
1885 947 2095 998 miratus
2118 956 2200 998 est
2232 948 2320 1013 qui
2353 949 2525 1012 cepit)
2541 963 2683 999 eam·

1622 1022 1739 1072 dem
1786 1024 1887 1072 vim
1930 1024 2102 1073 inesse
2144 1024 2303 1074 verbo
2348 1024 2685 1075 Remittendi.

1623 1098 1875 1163 Exempla
1920 1099 2058 1163 apud
2106 1100 2271 1163 ipsum
2316 1100 2367 1148 in
2409 1099 2682 1164 postremis

1622 1173 2102 1226 observationibus.
2171 1176 2239 1225 Et
2260 1190 2381 1225 sane
2403 1171 2464 1225 l!
2481 1176 2681 1227 lreuaeo

1621 1250 1780 1302 etiam
1801 1251 1930 1314 legi:
1965 1253 1981 1280 ‘
1997 1251 2269 1302 Remittite
2283 1259 2513 1302 mortuos
2531 1266 2680 1316 sepe-

1624 1327 1719 1376 lire
1743 1335 1972 1377 mortuos
1994 1326 2149 1377 suos.'
2181 1327 2389 1391 Lipsius.

1689 1405 1838 1452 Credi
1859 1403 2012 1453 adbuc
2031 1403 2239 1466 servitii]
2305 1405 2436 1454 Cum
2459 1402 2681 1468 populus

1623 1481 1881 1530 Romanus
1900 1479 2221 1540 servitutem,
2245 1481 2296 1528 in
2330 1493 2484 1543 quam
2507 1480 2682 1543 paullo

1625 1563 1747 1606 aute
1783 1556 2028 1607 reductus
2065 1553 2257 1617 fuerat,
2286 1557 2512 1606 noudum
2549 1555 2683 1605 bene

1624 1634 1965 1695 concoxisset,
1982 1647 2150 1697 neque
2174 1633 2240 1682 ad
2273 1647 2384 1683 eam
2410 1632 2682 1683 occalluis-

1625 1715 1720 1758 set.
1757 1710 1995 1757 Muretus.

1687 1783 1857 1834 Senem
1903 1783 2190 1847 principem]
2274 1782 2542 1834 Annorum
2596 1788 2679 1836 ⁷6.

1626 1855 1862 1910 Muretus.

1692 1935 1861 1996 ιοκςα
1875 1932 2113 1999 potentia]
2165 1934 2429 1984 Annorum
2451 1939 2532 1984 56.
2568 1935 2685 1985 Mu·

1623 2003 1798 2058 κίκι(

1689 2087 1824 2137 ΟΑΡ.
1845 2089 1894 2136 9.
1946 2085 2192 2150 Plerisque
2225 2100 2347 2134 eona
2377 2084 2683 2151 min-mitibus]

1624 2162 1821 2212 Merito
1849 2161 2175 2212 admirationi
2197 2168 2318 2211 sunt
2339 2177 2420 2224 ea,
2440 2176 2557 2226 quae
2595 2170 2686 2213 aut

1625 2236 1762 2288 facta
1792 2253 1892 2288 non
1915 2244 2052 2301 sunt,
2073 2252 2190 2287 cum
2222 2252 2375 2288 causa
2399 2244 2556 2301 esset,
2590 2251 2686 2288 cur

1626 2315 1900 2364 verisimile
1922 2321 2062 2363 esset
2080 2312 2274 2364 factum
2298 2314 2391 2374 iri3
2433 2321 2524 2363 aut
2545 2312 2690 2366 faeta

1626 2398 1765 2455 suut,
1785 2405 1902 2440 cum
1936 2405 2093 2440 causa
2114 2397 2271 2452 esset,
2301 2404 2394 2440 cur
2427 2388 2542 2439 fieri
2579 2403 2687 2440 nou

1624 2474 1912 2531 oporteret.
1963 2468 2314 2531 Utrorumqae
2336 2467 2474 2516 enirn
2492 2473 2549 2518 et
2568 2481 2688 2517 cau·

1625 2557 1684 2592 sa
1722 2543 1893 2608 aliqua
1928 2549 2031 2603 est,
2054 2550 2111 2592 et
2151 2544 2435 2606 ignoratur.
2501 2543 2687 2594 Causoe

1626 2627 1800 2668 autem
1834 2618 2085 2682 ignoratio
2112 2617 2498 2667 admirationem
2534 2618 2690 2682 parit.

1629 2693 1702 2744 At
1744 2694 1928 2758 vulgus
1967 2708 2032 2743 ea
2071 2707 2272 2758 quoque
2312 2694 2545 2758 miratur,
2566 2708 2689 2759 quo-

1630 2785 1740 2820 rum
1766 2785 1925 2821 causa
1963 2770 2016 2818 in
2060 2777 2302 2834 promptu
2337 2777 2433 2820 est.
2503 2770 2692 2822 Qualia

1627 2854 1765 2911 sunt,
1797 2860 1913 2911 qum
1951 2845 2034 2896 bic
2071 2853 2438 2896 commemorat
2458 2847 2690 2900 Tacitus·

1628 2924 1866 2972 Muretus.

1696 3000 1835 3057 Quod
1855 3001 1980 3049 ideas
1998 2999 2121 3063 dies]
2186 3000 2302 3049 Erit
2334 2997 2573 3062 fortasse,
2599 2998 2690 3066 qui

1629 3077 1712 3127 bic
1757 3076 2039 3140 adhereat,
2083 3075 2167 3125 cni
2221 3075 2531 3138 adjutorium
2572 3089 2690 3139 ego.

1628 3153 1849 3216 Triplex
1870 3152 2006 3201 euim
2027 3151 2162 3201 ratio
2197 3152 2500 3201 numerandi
2531 3151 2693 3216 impe·

1629 3230 1693 3279 rii
1730 3228 2020 3292 Augustaei.
2086 3227 2212 3286 Alii,
2247 3228 2579 3293 plurimique,
2623 3229 2689 3280 ab

1627 3304 1851 3355 Actiaca
1888 3318 2062 3368 pugna
2096 3311 2384 3365 numerant,
2403 3318 2517 3352 cum
2543 3304 2683 3355 victo

1631 3381 1862 3432 Antonio
1878 3390 2060 3447 potens
2074 3379 2174 3431 fuit
2193 3382 2397 3445 imperii
2414 3382 2570 3432 solus.
2603 3383 2686 3434 Ea

1629 3473 1807 3523 pugna
1850 3466 2081 3522 pugnata
2124 3470 2200 3506 tv.
2239 3457 2415 3507 Nonas
2444 3457 2683 3521 Septem-

1630 3534 1765 3583 bres.
1801 3532 2022 3585 Quidam
2045 3547 2075 3581 a
2091 3539 2240 3583 sexto
2261 3531 2374 3595 ejus
2393 3534 2688 3596 consulatu,

1628 3624 1747 3660 cum
1769 3609 2038 3673 imperium
2053 3608 2124 3657 illi
2145 3623 2176 3656 a
2189 3607 2382 3658 Senatu
2400 3606 2684 3672 firmatum,

1631 3684 1911 3748 datumque
1950 3697 2232 3747 cognomen
2265 3681 2508 3746 Augusti,
2539 3684 2689 3750 quasi

1629 3761 1673 3808 is
1711 3759 1929 3823 legitimi
1964 3757 2282 3822 principatus
2324 3759 2517 3821 primus
2553 3760 2686 3811 dies.

1629 3835 1694 3886 Id
1720 3834 1819 3884 fuit
1856 3849 1957 3886 vn.
1998 3834 2110 3884 idus
2142 3834 2355 3885 Januar.
2423 3834 2688 3901 Atqueea

1632 3914 1766 3963 ratio
1788 3912 2086 3962 numerandi
2108 3911 2385 3975 provinciis
2408 3909 2520 3961 fere
2541 3911 2690 3963 fami·

1633 3987 1788 4036 liaris.
1855 3987 1938 4036 Ita
1974 3988 2026 4035 in
2068 3985 2257 4050 lapide,
2280 3986 2369 4051 qui
2409 3986 2689 4038 Narbone:

1632 4076 1734 4114 vu.
1770 4073 2011 4114 αυοαυε.
2045 4074 2181 4111 mus.
2208 4073 2528 4113 unvanus.
2553 4071 2710 4116 wa(

1631 4151 1744 4192 mu.
1769 4151 2010 4188 emitum.
2026 4149 2329 4186 itu-salust.
2347 4149 2531 4190 oums.
2551 4151 2686 4192 ‘rn-

1635 4226 1851 4273 must.
1873 4223 2213 4263 auspicamus.
2236 4223 2344 4262 m.
2366 4223 2581 4264 ruunt.
2602 4226 2692 4266 vt-

1637 4302 1731 4340 κο.
1770 4298 2126 4337 surrucaur.
2205 4285 2423 4336 Orosius
2456 4287 2692 4352 paullum
