3050 4867
493 350 671 419 3852

569 512 756 563 Castris
794 511 1047 573 attineret]
1107 511 1329 560 Attium
1380 509 1565 571 eastris,

501 595 582 639 est
618 589 670 637 in
707 587 895 639 castris
931 587 1216 647 continere,
1241 592 1397 650 atque
1427 584 1569 635 coiir-

502 679 644 727 oere‚
666 679 764 714 nec
786 665 997 728 evagari
1020 664 1358 727 sinere,quod
1381 668 1569 710 natura

504 748 560 792 et
582 755 677 790 usu
699 740 865 804 gentis
883 747 997 789 erat
1027 740 1251 788 solitum.
1321 740 1470 787 Idem.

571 817 852 880 Disciplina·
870 821 918 864 et
944 816 1159 879 imperiis
1176 814 1433 876 suesceret]
1468 812 1572 862 An-

507 899 593 942 tea
635 892 887 955 disciplina
929 895 976 939 et
1023 890 1255 954 imperiis.
1343 888 1569 950 Mutari,

505 970 713 1020 volente
734 968 935 1032 Tacito,
954 969 1059 1032 qni,
1080 969 1135 1017 ni
1158 966 1329 1028 fallor,
1358 967 1431 1016 sic
1456 980 1573 1028 per·

507 1052 669 1111 petuo
705 1045 951 1108 loquitur.
1018 1045 1186 1107 Supra
1223 1044 1258 1092 l.
1281 1057 1319 1091 1.
1352 1044 1368 1070 ‘
1394 1056 1574 1090 verna-

509 1124 629 1174 culo
652 1121 945 1184 multitudo,
966 1121 1189 1170 lssciviae
1213 1120 1394 1168 sueta!
1457 1119 1572 1168 Lib.

508 1211 572 1248 n.
607 1198 622 1224 ‘
648 1204 709 1247 ut
731 1202 997 1246 suesceret
1018 1195 1252 1246 militine!
1315 1195 1431 1244 Lib.
1457 1208 1573 1244 xvi.

510 1275 527 1303 ‘
552 1280 784 1323 externa
819 1271 1075 1336 superbia
1109 1271 1295 1320 sueto!
1348 1271 1575 1320 Picheno.

513 1349 669 1400 Haud
687 1349 796 1398 scio
814 1363 878 1397 an
892 1349 1012 1411 jure
1029 1347 1340 1408 mutaverim
1356 1361 1471 1395 nem
1482 1360 1579 1395 cnr

511 1439 618 1476 non
653 1426 814 1474 liceat
849 1424 1047 1473 variare
1081 1423 1283 1486 Tacito,
1319 1429 1375 1471 et
1407 1421 1578 1470 eidem

518 1502 681 1552 verbo
724 1516 860 1553 nunc
893 1502 990 1551 hoc
1019 1516 1155 1550 nuuc
1190 1501 1294 1549 olio
1326 1498 1468 1548 flexu
1490 1513 1579 1548 no·

513 1592 632 1628 men
645 1578 900 1642 jungere?
926 1578 1086 1640 juxta
1114 1583 1286 1626 sutem
1308 1576 1499 1625 bonum
1522 1583 1583 1630 et

515 1654 756 1703 Iastinum
788 1653 1037 1717 disciplina
1069 1667 1291 1703 suescere.
1358 1653 1493 1702 Vide
1512 1652 1581 1701 sd

519 1730 718 1779 Livium
741 1742 904 1779 xxxx.
927 1734 1007 1781 δᾶ.
1044 1729 1325 1778 θωκουὲυ.

589 1805 851 1869 Cinithios]
903 1805 1079 1854 Plinio
1148 1804 1275 1854 dicti
1341 1805 1585 1855 videntur

521 1880 717 1931 Ethini.
748 1881 956 1945 Lipsius.

591 1958 853 2020 Cinithios]
884 1959 1027 2023 Lege
1048 1959 1319 2023 Cinyphios.
1350 1959 1484 2008 Sunt
1502 1971 1587 2007 su-

523 2040 629 2084 tem
661 2036 840 2099 populi
880 2035 1088 2085 minoris
1115 2034 1329 2085 Africae.
1393 2034 1585 2084 Silius:

523 2111 539 2139 ‘
566 2111 944 2177 Cinyphiaeque
976 2112 1158 2174 globos
1193 2111 1488 2161 dubitarem
1520 2111 1589 2160 ir·

525 2201 765 2250 rumpere
791 2186 994 2237 turma!
1026 2188 1266 2236 Muretus.
1418 2181 1425 2186 “

593 2262 776 2311 Furius
821 2262 1050 2311 Camillus
1091 2261 1350 2311 Proconsuli
1385 2260 1592 2324 Africa]

529 2337 601 2387 Et
619 2336 724 2398 hic,
745 2344 801 2385 et
822 2335 961 2399 alibi,
996 2336 1082 2385 ubi
1106 2335 1279 2399 vulgo,
1318 2337 1591 2397 Proconsul,

530 2417 639 2474 sut,
674 2412 966 2476 Propi-otor,
997 2412 1345 2476 Manuscripti
1376 2412 1593 2473 babent,

530 2488 833 2551 Proconsule,
860 2492 967 2550 aut,
989 2486 1290 2550 Proproetore
1302 2500 1322 2543 ,·
1350 2486 1490 2550 quod
1513 2502 1592 2536 se-

527 2565 631 2614 mel
671 2564 928 2614 monuisse
972 2561 1211 2614 sufficiat.
1274 2563 1441 2612 Simili
1480 2561 1593 2612 fere

531 2638 682 2689 modo
726 2640 763 2687 l.
796 2652 921 2690 xtu.
971 2641 987 2667 ⁴
1015 2640 1192 2688 Rome
1235 2639 1461 2700 Praetor,
1501 2653 1596 2702 per

530 2714 840 2779 provincias,
872 2714 963 2780 qui
995 2720 1317 2780 propraetore
1352 2722 1443 2764 sut
1473 2729 1596 2764 con-

532 2793 641 2842 sule
664 2790 875 2841 esseut.'
910 2792 1141 2841 Picum.

596 2871 738 2919 Metu
752 2868 1011 2931 eluderent]
1044 2869 1291 2934 Optime;
1326 2869 1380 2917 id
1401 2873 1501 2933 est,
1532 2882 1598 2917 ne

531 2952 677 2996 metu
721 2945 1066 2994 Romanarum
1106 2942 1290 2992 virium
1331 2945 1600 2994 traherent

537 3019 749 3083 bellum,
771 3020 910 3068 nulla
932 3019 1084 3083 copis
1115 3033 1320 3084 pugne.
1386 3020 1600 3071 Assidet

534 3096 654 3146 huic
669 3095 795 3150 illud
814 3095 1102 3158 Claudiani,
1113 3095 1195 3145 De
1211 3094 1405 3144 laudib.
1428 3096 1600 3146 stilic.

535 3174 572 3223 l.
598 3187 635 3222 1.
667 3173 684 3200 ‘
710 3186 792 3221 res
829 3172 957 3221 mira
991 3172 1190 3221 relatu:
1242 3173 1324 3221 Ne
1362 3172 1598 3235 timeare,

539 3250 723 3310 times3
770 3257 826 3300 et
870 3263 1021 3313 quem
1065 3247 1297 3298 vindicte
1339 3249 1603 3312 manebat,

539 3329 831 3392 Desperare
854 3329 1034 3379 vetas!
1086 3328 1379 3379 Rhenanus
1409 3336 1602 3393 tamen,

535 3410 662 3465 aaa,
684 3405 880 3455 moluit.
917 3404 1126 3470 Lipsius.

605 3483 680 3530 Eo
696 3480 912 3545 pronior]
950 3482 1065 3543 Est,
1097 3482 1183 3546 qui
1207 3496 1308 3531 non
1332 3481 1478 3545 cepit
1498 3482 1602 3531 vim

538 3557 693 3620 hujus
716 3556 1195 3619 argumentationis,
1219 3571 1335 3620 quae
1359 3557 1470 3605 haec
1492 3563 1602 3607 est:

539 3632 773 3682 Tiberius
818 3631 985 3681 claros
1031 3631 1165 3681 viros
1204 3631 1504 3682 detrectare
1550 3641 1607 3683 et

542 3718 845 3773 suspectare
867 3709 1064 3769 solitus,
1099 3708 1236 3758 hunc
1256 3708 1373 3758 ideo
1397 3709 1607 3773 pronius

542 3786 750 3848 extulit,
784 3785 906 3850 quis
927 3785 1181 3833 bominem
1204 3785 1346 3834 nulla
1367 3800 1433 3834 eo
1450 3800 1608 3851 usque

540 3861 756 3912 militari
776 3859 930 3923 fama,
951 3859 1016 3909 ob
1034 3860 1243 3910 unicum
1260 3861 1355 3910 hoc
1372 3862 1606 3925 praelium

542 3938 664 3989 setis
706 3936 1056 4001 intelligebat,
1113 3950 1176 3986 eo
1221 3938 1402 4000 gloriae
1450 3943 1609 4003 atque

541 4013 870 4066 auctoritatis
892 4027 993 4062 non
1032 4027 1187 4075 posse
1208 4013 1514 4078 escendere,
1551 4020 1612 4063 ut

546 4091 734 4141 exinde
757 4089 857 4139 sibi
895 4088 1178 4152 pericnlum
1212 4090 1425 4139 baberet
1447 4097 1612 4138 metu-

548 4170 754 4222 endum.
838 4166 914 4217 At
952 4167 1036 4217 ille
1073 4168 1309 4231 putabat,
1344 4167 1613 4216 Tiberium

549 4248 835 4299 celebro-sse
878 4245 1084 4309 pronius
1129 4244 1184 4293 id
1226 4242 1441 4307 fectum,
1485 4251 1614 4292 tam-

545 4337 702 4391 qnsm
721 4335 789 4373 ex
810 4321 979 4374 snimo
999 4321 1181 4371 loetum
1198 4327 1356 4386 etque
1379 4320 1615 4371 exultan-

1194 362 1412 413 80¹1·AE
1458 363 1866 413 vAmoRtffl
1914 362 1994 411 IN

1642 516 1767 570 tem,
1799 508 1937 574 qnod
1962 508 2042 557 vir
2071 506 2160 556 ille
2196 508 2380 554 contra
2402 516 2553 568 quam
2588 515 2711 566 spes

1643 586 1708 635 de
1732 600 1794 635 eo
1816 583 1994 648 fuerit,
2027 581 2290 647 egregium
2331 581 2516 630 ducem
2549 594 2603 628 se
2627 592 2712 628 os·

1643 663 1915 713 tendisset.
1953 662 2319 712 Freinshemius.

1692 740 1827 788 CAP.
1837 744 1919 788 58.
1940 738 2115 787 Urbem
2129 737 2320 786 Achaia
2335 731 2609 797 Nicopolin]
2623 732 2713 781 Ni-

1642 816 1830 877 copolis,
1849 815 1962 878 quae
1981 821 2036 862 et
2055 813 2310 862 Ambracio
2332 810 2542 870 dicitnr,
2574 822 2715 873 quae-

1645 905 1744 955 que
1762 897 2033 939 exstructa
2049 896 2129 940 est
2144 890 2211 939 nb
2227 889 2459 948 Augusto
2474 891 2591 949 post
2605 884 2715 933 An-

1646 966 1841 1016 tonium
1865 973 1921 1016 et
1942 966 2274 1031 Cieopatram
2300 966 2486 1025 victos,
2509 961 2563 1010 iu
2593 960 2719 1010 Am·

1647 1042 1906 1106 philocbia
1924 1050 2025 1104 est,
2042 1057 2142 1092 non
2174 1043 2227 1091 in
2263 1055 2327 1089 ea
2343 1055 2457 1104 quie
2496 1052 2618 1087 vere
2652 1050 2717 1086 ac

1649 1118 1859 1182 proprie
1905 1119 2092 1169 Achaia
2136 1116 2348 1178 dieitur,
2387 1129 2504 1179 quae
2542 1118 2626 1162 est
2664 1112 2718 1161 in

1650 1195 2034 1259 Peloponneso,
2066 1193 2159 1243 sed
2183 1199 2349 1243 totam
2392 1191 2533 1240 illam
2573 1203 2718 1239 orem

1649 1273 1786 1321 inter
1805 1272 2170 1322 Macedoniam
2197 1276 2253 1319 et
2275 1270 2718 1332 Peloponnesum,

1651 1357 1856 1401 veteres
1875 1351 2133 1401 interdum
2144 1350 2342 1401 Achaia*
2357 1348 2562 1410 nomine
2580 1361 2718 1396 com-

1650 1428 2063 1492 prehendebant.
2129 1428 2243 1477 Sita
2262 1432 2436 1476 autem
2454 1433 2536 1474 est
2555 1423 2720 1473 Nico-

1652 1505 1786 1569 polis
1809 1504 1876 1554 ad
1899 1505 2064 1554 sinum
2082 1502 2437 1562 Ambracium,
2464 1500 2719 1549 exadver-

1654 1595 1765 1632 sum
1779 1580 1936 1631 Actio
1959 1580 2340 1631 Promontorio.
2378 1579 2622 1627 Muretus.

1721 1658 2082 1714 Quoesilissimis
2143 1654 2416 1717 honoribus]
2487 1653 2721 1702 Verbum

1653 1735 2023 1784 Sallustianum
2056 1748 2086 1782 e
2118 1730 2345 1782 secundo
2379 1728 2724 1778 historiarum.

1658 1811 1894 1859 Muretus.
1960 1809 2131 1859 Video
2192 1806 2519 1856 doctissimos
2583 1804 2727 1853 viros

1658 1886 1749 1935 illa
1770 1893 1952 1935 vetera
1981 1882 2374 1934 Atheniensium
2403 1881 2547 1930 facto.
2567 1879 2733 1929 dicta-

1660 1975 1778 2026 que,
1798 1976 1861 2010 ea
1886 1957 2239 2024 interpretari,
2270 1957 2455 2022 quibus
2479 1955 2578 2018 ipsi
2601 1954 2726 2003 olim

1660 2036 1910 2102 ejusmodi
1931 2049 2233 2101 magnorum
2262 2033 2522 2096 hospitum
2541 2030 2733 2080 adven-

1663 2122 1772 2163 tum
1795 2114 2166 2162 honestassent.
2233 2112 2349 2162 Nec
2381 2109 2564 2174 probo.
2633 2108 2737 2156 Rs·

1662 2190 1831 2239 tiones
1851 2189 1905 2238 in
1942 2195 2187 2253 promptu
2221 2194 2360 2250 sunt,
2394 2191 2449 2235 et
2473 2191 2617 2235 recte
2641 2198 2731 2233 ex·

1665 2265 1893 2329 putanti,
1909 2266 1960 2314 in
1984 2273 2186 2328 aperto.
2243 2263 2325 2312 An
2345 2261 2593 2322 dixerint,
2609 2259 2732 2309 olim

1664 2342 1919 2406 ejusmodi
1977 2341 2268 2404 Principes,
2321 2339 2540 2402 majores
2594 2351 2738 2399 suos,

1668 2433 1882 2484 quorum
1905 2433 1987 2468 res
2012 2415 2355 2473 florentiores,
2376 2414 2570 2478 majore
2595 2427 2737 2476 pom-

1669 2509 1733 2558 ps
1756 2494 2042 2557 excepisse,
2064 2507 2162 2542 nec
2186 2507 2240 2540 se
2274 2490 2554 2541 imminutis
2577 2488 2736 2537 rebus

1669 2569 1794 2632 suis,
1830 2568 2010 2618 cadem
2035 2567 2402 2618 Germanicum
2427 2579 2563 2613 nunc
2588 2577 2740 2627 posse

1668 2644 1970 2693 honestare?
2002 2642 2133 2695 Quis
2151 2641 2362 2692 credat?
2393 2638 2586 2690 Scribit
2600 2638 2740 2686 enim

1670 2719 1755 2769 bic
1779 2719 2012 2769 disertim
2032 2718 2261 2781 Tacitus,
2281 2715 2629 2786 quaesitissimis
2655 2715 2743 2763 lio-

1669 2796 1862 2846 nov-ibas
1892 2797 2264 2848 Germanicum
2296 2809 2433 2844 nunc
2470 2792 2625 2843 fuisse
2667 2792 2743 2841 af·

1671 2872 1890 2925 fectum.
1949 2873 2101 2923 Tales
2127 2873 2203 2921 illi
2225 2877 2364 2935 snut,
2403 2870 2586 2935 quibus
2610 2868 2741 2919 nibil

1673 2957 1851 3014 potest
1873 2949 2012 2999 addi.
2078 2948 2220 2998 Num
2251 2962 2376 2997 vero
2400 2945 2748 3010 exposuerint

1674 3025 1938 3076 historiam
1973 3039 2034 3075 sc
2073 3024 2260 3073 seriem
2300 3021 2556 3087 ejusdem,
2588 3019 2743 3083 cujus

1675 3100 2036 3164 Germanicus,
2051 3105 2141 3149 sut
2160 3099 2395 3162 majoris,
2418 3103 2507 3147 sut
2530 3096 2745 3145 minoris

1675 3177 1776 3227 loci
1822 3178 2143 3240 Principum,
2198 3175 2285 3240 qui
2343 3172 2621 3239 aliquando
2678 3170 2745 3221 ab

1676 3254 2080 3305 Atheniensibus
2119 3253 2216 3301 hoc
2260 3257 2350 3300 aut
2398 3250 2551 3300 simili
2591 3248 2747 3298 modo

1676 3331 1872 3382 fuerint
1895 3329 2139 3393 excepti?
2194 3327 2322 3379 Quis
2344 3326 2560 3377 credat?
2606 3326 2747 3377 Quo·

1677 3408 1831 3457 modo
1850 3407 1903 3456 id
1929 3404 2118 3455 fecerit
2138 3403 2202 3452 sd
2234 3402 2437 3465 horum,
2466 3399 2671 3466 quidvis
2693 3400 2750 3448 in

1679 3483 2045 3535 Germanicum
2104 3476 2345 3529 conferre
2407 3477 2750 3540 studentium,

1681 3559 2013 3609 institutum?
2069 3555 2504 3605 commemoratio
2549 3552 2752 3617 perium

1684 3642 1773 3685 aut
1806 3633 2056 3697 majorum
2098 3631 2425 3696 Principum,
2472 3630 2755 3693 conjunctu

1681 3713 1870 3764 fuisset
1890 3725 2005 3762 cnm
2028 3711 2212 3761 minori
2235 3709 2577 3760 aestimatione
2602 3708 2759 3757 bene-

1683 3789 1806 3852 ficii,
1838 3802 1938 3854 quo
1976 3803 2114 3838 nunc
2153 3803 2183 3836 a
2214 3787 2531 3840 Germanico
2565 3782 2759 3835 afficie-

1684 3865 1876 3915 bantur
1897 3862 2247 3913 Athenienses
2268 3878 2281 3922 ;
2318 3862 2407 3926 qni
2431 3860 2566 3910 haud
2592 3859 2756 3910 dubie

1685 3941 1781 3991 hoc
1818 3953 2088 4002 summum,
2130 3929 2184 3987 et
2227 3937 2542 3986 rarissimum
2578 3936 2760 3986 volue-

1687 4021 1811 4065 runt
1824 4014 2185 4080 interpretari:
2213 4013 2494 4076 minoribus
2510 4012 2762 4073 dicendis,

1689 4092 1827 4157 qnod
1869 4091 2036 4156 quivis
2081 4089 2247 4151 videt,
2299 4089 2471 4138 nullus
2515 4088 2601 4136 hic
2644 4095 2762 4137 eret

1687 4171 1850 4220 locus.
1884 4169 2072 4233 Itaque
2094 4168 2246 4231 longe
2270 4167 2374 4215 slis
2396 4180 2541 4216 mens
2562 4172 2641 4214 est
2663 4165 2764 4214 Ts-

1690 4249 1801 4298 citi.
1868 4248 1997 4299 Quae
2025 4248 2139 4311 ipss
2160 4246 2338 4310 colligi
2363 4253 2557 4309 potest,
2591 4258 2656 4292 ex
2685 4243 2766 4293 his

1693 4328 1806 4392 ejus
1847 4324 2054 4388 verbis,
2109 4327 2125 4354 ‘
2152 4339 2254 4391 quo
2303 4324 2418 4389 plus
2458 4321 2772 4389 dignationis
