3050 4867
478 367 657 442 385ss

550 509 662 558 Nea
702 521 914 571 proceres
950 504 1187 568 gentium]
1228 503 1551 568 Legendum,

483 599 543 635 ne
562 597 775 647 proceres
792 581 1026 644 gentinus.
1082 582 1252 631 Causa
1275 595 1368 631 cur
1392 594 1555 629 remo·

486 660 599 710 veri
624 660 751 709 velit
772 659 1039 708 Vononem
1077 673 1107 707 e
1131 658 1297 722 Syria,
1331 671 1395 705 ne
1434 657 1555 706 dum

485 749 728 801 proceres
765 733 1017 799 gentium,
1058 733 1356 784 Artabanus
1383 733 1558 783 Persi-

488 828 586 876 cae,
627 812 972 862 Germanicus
1020 812 1286 871 Romame,
1331 808 1555 873 proximi

486 894 625 951 sunt,
648 889 691 937 si
714 888 929 951 propius
959 886 1097 937 adsit
1117 887 1377 948 Vonones,
1414 891 1557 934 serat

485 965 624 1016 inter
647 979 736 1012 eos
768 963 960 1013 nuntiis
989 978 1019 1012 e
1054 961 1345 1027 propinquo
1375 975 1556 1010 causas

489 1040 883 1092 discordiarum.
947 1039 1024 1088 Eo
1064 1053 1184 1087 mox
1224 1036 1463 1086 amolitus
1503 1035 1556 1083 in

488 1117 750 1178 Ciliciam,
780 1122 835 1164 et
862 1115 915 1163 in
936 1115 1046 1178 ejus
1069 1127 1210 1163 oram
1232 1112 1559 1174 maritimam,

487 1209 605 1259 quae
644 1192 1004 1243 remotissima.
1056 1191 1318 1239 Meu-cerus.
1388 1188 1560 1238 Parti-

488 1270 609 1320 cula
629 1284 738 1332 nest,
755 1267 1065 1319 sententiam
1089 1264 1383 1316 confundit.
1428 1265 1560 1315 Cen-

490 1360 577 1397 seo
624 1345 919 1410 legendum,
964 1358 1023 1392 ae
1058 1357 1272 1407 proceres
1306 1342 1556 1404 gentium.-

486 1423 570 1471 vel
596 1422 788 1486 potius,
808 1436 867 1470 ne
890 1420 933 1467 is
948 1433 1164 1483 proceres
1177 1419 1412 1480 gentium.
1470 1417 1560 1466 Pi-

490 1498 673 1548 chena.

556 1573 694 1623 CAP.
739 1576 822 1621 59.
891 1573 1156 1635 AEgyptum
1214 1568 1559 1635 proficiscitur]

490 1647 691 1712 Malim,
713 1647 764 1696 in
789 1650 1069 1712 AEgyptum.
1104 1646 1350 1696 Pichena.
1408 1647 1561 1696 Frus-

491 1732 589 1775 tra.
633 1725 719 1774 Sic
742 1724 879 1774 enim
900 1723 1263 1788 loquebantur.
1330 1722 1444 1770 Liv.
1468 1720 1559 1771 lib.

491 1813 622 1853 xnv.
648 1803 664 1830 ‘
686 1799 770 1850 Ad
790 1805 1087 1863 susceptam
1108 1798 1423 1863 legationem
1443 1811 1560 1860 per-

491 1878 746 1942 agendam
778 1876 1023 1938 navigare
1047 1876 1329 1939 AEgyptum
1343 1873 1558 1938 pergit!

489 1954 726 2006 justinus
769 1953 851 2002 vel
885 1953 1083 2015 Trogus
1118 1951 1155 1999 Ι.
1177 1963 1347 1999 xxm.
1380 1951 1396 1977 ‘
1423 1951 1564 1999 Uxo-

490 2045 599 2079 rem
624 2029 929 2094 genitosque
962 2043 1027 2076 ex
1063 2042 1127 2076 ea
1164 2025 1291 2075 duos
1315 2025 1559 2088 parvulos

491 2106 791 2171 AEgyptum,
832 2105 968 2153 uude
1008 2117 1222 2152 uxorem
1261 2108 1560 2165 acceperat,

492 2182 748 2232 remittit!
816 2182 886 2230 Et
908 2182 944 2230 l.
970 2193 1175 2232 xxvm.
1241 2177 1257 2207 ‘
1286 2178 1416 2227 Cum
1438 2191 1561 2226 con-

486 2259 615 2323 juge
655 2263 709 2308 et
745 2257 921 2307 liberis
958 2257 1237 2320 AEgyptum
1274 2253 1342 2303 ad
1383 2254 1561 2303 Ptole·

493 2347 681 2383 maeum
703 2330 1089 2397 proficiscitur!
1143 2329 1429 2379 Gronovius.

560 2412 901 2475 Cogmscendoe
936 2409 1264 2474 antiquitatis]
1332 2409 1564 2472 Auditis,

493 2487 799 2552 Principes?
833 2487 1120 2536 imitamini.
1180 2485 1314 2535 Haec
1332 2484 1562 2548 cognitio

496 2564 562 2614 ad
617 2565 834 2630 gloriam
896 2565 1269 2626 honestumque
1325 2562 1557 2610 excitat:

493 2642 607 2692 haec
633 2641 842 2706 parandi
866 2641 973 2691 vias
996 2640 1235 2690 ostendit.
1268 2639 1476 2702 Lipsius.

565 2719 701 2775 Quod
738 2724 900 2768 contra
934 2716 1177 2778 instituta]
1230 2715 1365 2764 Vide
1407 2715 1556 2763 Suet.

493 2794 721 2856 TiberIo,
757 2810 803 2845 c.
828 2799 908 2843 52.
932 2800 988 2842 et
1024 2808 1140 2857 quae
1169 2792 1339 2841 (licam
1363 2790 1430 2840 ab
1454 2791 1492 2840 1.
1516 2804 1558 2842 1.

495 2870 693 2921 Hister.
730 2870 879 2919 Idem.
1358 2870 1364 2876 “

560 2945 904 2996 Alexandriam
940 2945 1202 3008 introisset]
1245 2942 1554 2993 Suetonius:

493 3022 510 3051 ‘
535 3024 687 3076 Quod
745 3037 867 3073 vero
912 3019 1293 3081 Alexandriam,
1342 3024 1559 3083 propter

494 3102 790 3152 immensam
830 3108 885 3172 et
909 3101 1229 3164 repentinam
1252 3098 1459 3159 famam,
1484 3099 1558 3147 in-

496 3180 731 3230 consulto
780 3193 833 3226 se
879 3177 1111 3240 adiisset,
1149 3182 1360 3241 questus
1389 3182 1472 3225 est
1503 3175 1558 3223 in

493 3256 723 3305 Senatu!
771 3257 1007 3306 Muretus.

564 3331 813 3393 Equitibus
852 3328 1083 3379 Romanis
1131 3326 1411 3390 illustribus]
1472 3329 1559 3378 De

494 3406 591 3458 hoc
617 3405 920 3469 cognomine
940 3406 1172 3470 equitum
1195 3402 1349 3453 infra.
1388 3403 1525 3468 Lips-

559 3484 781 3548 Seposuit
825 3484 1112 3549 AEgyptam]
1196 3484 1327 3534 Cum
1371 3498 1561 3546 magna

495 3574 611 3624 pars
649 3559 916 3621 frumenti,
971 3574 1073 3624 qno
1130 3574 1253 3624 pop.
1299 3559 1559 3607 Romanus

496 3635 754 3694 alebatur,
791 3634 1113 3684 Alexandria
1159 3633 1452 3693 veheretur,
1492 3632 1559 3681 ob

492 3709 650 3775 idque
676 3710 1044 3759 Alexandrinae
1070 3724 1226 3757 naves
1251 3724 1368 3758 cum
1402 3723 1558 3771 appa·

495 3793 727 3849 ruerant,
750 3800 934 3849 magno
970 3784 1156 3848 gaudio
1182 3786 1429 3848 populum
1451 3781 1559 3832 affi-

494 3870 693 3924 cerent,
726 3868 786 3910 ut
818 3869 899 3911 cst
928 3861 1063 3926 apud
1105 3863 1223 3912 Sen.
1264 3861 1436 3927 Epist.
1474 3865 1557 3909 78.

496 3939 780 4002 Augustae,
822 3938 1038 4001 imperio
1092 3938 1428 4002 prospiciens,
1475 3950 1559 3985 ve·

494 4022 684 4075 tuerat,
728 4028 792 4061 ne
818 4013 930 4077 quis
953 4023 1161 4063 senator
1198 4029 1419 4078 equesvc
1460 4014 1561 4061 Ro-

492 4104 673 4140 manus
692 4089 979 4139 inconsulto
1003 4090 1237 4154 principe
1257 4089 1556 4153 ingredere-

495 4172 581 4218 tur
617 4166 928 4229 AEgyptum:
965 4167 1100 4229 quod
1138 4166 1342 4215 videret
1375 4165 1429 4214 in
1470 4178 1559 4228 po-

495 4246 689 4293 testate
728 4241 840 4305 ejus
878 4241 1012 4307 fore,
1050 4241 1187 4292 fame
1220 4255 1408 4306 urgere
1449 4241 1561 4292 Ita-

1188 379 1407 436 No'rAE
1448 378 1861 432 §samolum
1912 379 1991 428 m
2039 415 2052 426 .

1632 506 1774 568 liam,
1814 522 1973 571 seque
2016 508 2126 557 levi
2156 506 2403 572 praesidio
2449 507 2712 564 adversus*

1633 582 1874 648 ingentes
1910 586 2171 634 exercitus
2210 584 2382 635 tueri:
2438 583 2697 650 simulque

1632 667 1870 710 metuens
1916 661 2133 727 imperio
2181 677 2210 710 a
2255 677 2453 711 summa
2482 662 2702 711 levitate

1633 744 1689 785 et
1732 737 2082 787 inconstantia
2115 738 2607 799 Alexandrinorum,
2641 743 2702 786 nt

1636 820 1814 862 auctor
1852 820 1932 862 est
1971 814 2073 864 Dio
2112 816 2150 864 l.
2191 828 2264 864 u.
2323 814 2509 879 Itaque
2544 826 2703 863 nona

1635 888 1964 951 proconsule,
2007 895 2097 938 aut
2126 905 2156 938 a
2193 900 2517 953 propraetore
2541 888 2704 938 admi-

1636 965 1952 1015 nistrabatur
1988 966 2329 1028 Alexandria,
2367 967 2458 1016 sed
2492 982 2524 1015 a
2561 966 2707 1017 Juri·

1637 1040 1753 1091 dico
1778 1040 2058 1106 δικαιοδότῃ,
2079 1049 2135 1091 et
2160 1058 2190 1091 a
2225 1043 2426 1092 libertis
2464 1042 2710 1104 Caesaris,

1636 1118 1725 1184 qui
1762 1119 2011 1181 cogendae
2047 1118 2280 1181 pecuniae
2323 1118 2544 1181 publicae
2569 1132 2707 1181 prae·

1636 1192 1788 1256 positi
1814 1199 1984 1253 erant,
2017 1199 2075 1242 ut
2108 1199 2189 1242 est
2219 1194 2358 1256 apud
2398 1193 2704 1243 Strabonem

1635 1268 1723 1318 lib.
1744 1281 1888 1319 xvn.
1922 1270 2052 1318 Erat
2073 1275 2246 1319 autem
2260 1270 2526 1332 Juridicus,
2541 1284 2706 1334 eques

1637 1344 1836 1409 aliquis,
1857 1351 1960 1394 no'n
1998 1351 2170 1394 tamen
2207 1359 2274 1395 ex
2309 1346 2612 1408 illustribus,
2648 1351 2706 1396 et

1635 1437 1825 1486 magna
1846 1422 2160 1472 auctoritate
2183 1422 2439 1486 praeditis,
2460 1421 2598 1470 unde
2623 1430 2707 1472 est

1636 1497 1745 1547 Tit.
1768 1498 1801 1546 l.
1827 1511 1861 1547 ¹.
1886 1498 1958 1546 D.
1980 1499 2040 1546 de
2054 1497 2203 1561 officio
2227 1497 2439 1546 Juridici
2460 1498 2703 1548 Alexand.

1636 1572 1723 1622 nbi
1764 1573 1975 1637 Ulpiani
2005 1575 2164 1623 verba
2202 1579 2346 1623 sunt:
2387 1574 2401 1599 ‘
2427 1572 2702 1637 Adoptare

1636 1650 1749 1715 quis
1793 1650 1932 1713 apud
1974 1650 2265 1700 Juridicum
2309 1655 2484 1714 potest
2507 1665 2522 1708 ς
2569 1641 2704 1713 'quia

1637 1727 1763 1776 data
1800 1735 1881 1775 est
1924 1727 1975 1775 ei
2017 1727 2148 1790 legis
2177 1724 2356 1790 actio‚'
2401 1741 2515 1789 quae
2539 1725 2704 1776 verba

1637 1803 1779 1851 nullo
1800 1816 1867 1850 ex
1890 1803 2005 1851 loco
2023 1802 2205 1850 melius
2223 1801 2444 1864 intelligi
2470 1809 2705 1865 possunt,

1637 1893 1792 1942 quam
1814 1892 1881 1927 ex
1903 1878 2002 1940 his,
2027 1894 2140 1942 quse
2164 1878 2407 1940 leguntur
2429 1877 2567 1941 apud
2603 1877 2705 1927 Ta-

1636 1954 1725 2003 cit.
1748 1967 1848 2002 xu.
1870 1960 1951 2003 60.
2012 1955 2248 2003 Muretus.

1700 2030 1848 2079 Fame
1878 2031 2093 2093 urgeret]
2141 2029 2353 2092 AEgypti
2389 2026 2703 2078 foecunditas

1636 2107 1798 2155 multo
1842 2106 2066 2155 maxima
2089 2122 2101 2154 :
2152 2105 2372 2170 ideoque
2428 2097 2703 2155 Cornelius

1634 2184 1755 2232 infr.
1779 2183 1921 2233 Hist.
1946 2183 1981 2233 l.
2003 2197 2067 2233 11.
2098 2197 2215 2232 eam
2238 2182 2470 2246 appellat
2492 2183 2508 2209 ⁴
2534 2181 2704 2230 claus-

1636 2265 1721 2308 tra
1766 2274 2001 2319 annonae,
2044 2267 2101 2308 et
2145 2259 2374 2322 vectigal
2413 2257 2704 2322 provincia·

1636 2350 1749 2384 rum
1774 2334 1806 2383 :'
1827 2343 1900 2404 ,et
1920 2334 2065 2398 alibi,
2087 2336 2102 2361 ‘
2127 2348 2344 2383 annonas
2369 2332 2701 2383 foecnndaml

1636 2410 1774 2460 Item
1807 2411 1843 2459 l.
1869 2409 1973 2460 111.
2014 2412 2029 2438 ‘
2056 2408 2292 2461 Africam
2331 2410 2506 2474 potius
2537 2416 2591 2459 et
2613 2409 2702 2459 ΙΕ-

1635 2493 1848 2552 gyptum
1872 2486 2209 2538 exercemus-⁹
2258 2487 2502 2537 Ferratus.

1704 2566 2011 2627 Glaucumque
2039 2569 2181 2614 terra
2202 2579 2258 2611 ac
2279 2561 2450 2624 maris]
2483 2563 2699 2612 Rectius

1634 2640 1735 2690 erit
1751 2655 1848 2704 per
1864 2639 2241 2703 appositionem
2261 2640 2433 2701 legere
2452 2635 2464 2685 ε’
2491 2638 2702 2701 quisquis

1633 2714 2063 2778 comprovinciam,
2097 2716 2302 2763 claustra
2337 2719 2478 2762 terra>
2510 2729 2567 2761 ac
2601 2729 2703 2764 ma.

1631 2792 1720 2840 ris.
1769 2790 1855 2839 Sic
1882 2805 2025 2839 mox:
2061 2791 2077 2817 ‘
2100 2790 2306 2852 Syenen
2328 2790 2553 2852 claustra
2576 2789 2701 2837 olim

1631 2864 1856 2916 Romani
1880 2863 2134 2929 imperii?
2167 2872 2222 2914 et
2255 2864 2393 2928 apud
2434 2864 2701 2914 Lucanum

1632 2946 1648 2974 ‘
1677 2946 1844 3009 Regni
1864 2945 2086 2994 claustra
2108 2942 2312 2994 Philae)
2352 2943 2567 2991 Grotius.

1683 3023 1816 3072 CAP.
1834 3026 1915 3071 60.
1941 3019 2154 3085 Canopo]
2176 3020 2361 3070 Strabo
2384 3038 2395 3069 ε
2421 3016 2644 3075 Κάνωβος
2658 3017 2704 3069 δ’

1634 3097 1735 3147 ἐστὶ
1748 3095 1886 3146 πόλις
1898 3097 1948 3146 ἐν
1960 3096 2106 3146 εἴκοσι
2124 3096 2202 3145 καὶ
2219 3094 2388 3144 ἑκατὸν
2400 3094 2606 3144 σταδίοις
2620 3095 2700 3144 ἀπ’

1631 3171 1978 3237 Ἀλεξανδρείας
2001 3170 2126 3234 nesii
2153 3170 2317 3233 ἰοῦσιν,
2347 3171 2580 3231 ἐπώνυμος
2603 3177 2702 3232 Ka,-

1634 3250 1787 3307 νόβου
1815 3252 1902 3299 τοῦ
1923 3246 2169 3299 Μενελάου
2199 3248 2504 3313 κυβερνήτου,
2526 3249 2704 3300 ἄποδα·

1632 3326 1794 3377 νόννας
1816 3326 1991 3378 αὐτόθι.
2037 3328 2274 3376 Muretus.

1701 3404 1809 3460 Qua
1829 3402 2125 3466 tempestate]
2149 3402 2234 3452 Sic
2258 3403 2367 3453 Cic.
2390 3415 2454 3451 ιι.
2480 3401 2544 3451 de
2567 3407 2700 3451 orat.

1630 3480 1646 3508 ‘
1675 3481 1793 3531 Qua
1833 3485 2148 3542 tempestate
2201 3479 2351 3527 Paris
2405 3476 2697 3540 Helenam,'

1631 3558 1730 3604 ὅτε.
1757 3553 1891 3602 Vide
1910 3554 2211 3617 Euripidem
2228 3554 2279 3603 in
2300 3554 2519 3604 Helena.
2548 3554 2700 3606 Idem.

1697 3629 1900 3694 Libyam
1955 3631 2151 3679 delatus.
2235 3632 2356 3681 Inde
2405 3630 2706 3696 proximum]

1633 3706 1789 3755 Hunc
1810 3706 1976 3755 iocum
2008 3706 2180 3756 Julius
2215 3708 2489 3757 Salinerius
2510 3708 2704 3757 doctis-

1634 3783 1761 3832 sime
1786 3781 2036 3831 defendit.
2103 3783 2228 3833 Ideo
2256 3784 2382 3832 nihil
2420 3783 2558 3833 aliud
2592 3798 2700 3836 mo·

1635 3857 1789 3920 nebo,
1811 3858 1909 3906 nisi
1942 3859 2080 3922 quod
2120 3859 2464 3934 verbumffst,
2503 3859 2553 3908 in
2594 3858 2701 3910 fine

1634 3933 1896 3996 dictionis,
1919 3936 2201 3997 saepissime
2225 3936 2275 3984 in
2303 3936 2441 3985 Man.
2464 3935 2702 3999 signatur

1633 4013 1727 4060 hac
1751 4019 1892 4071 nota,
1912 4007 1981 4065 Ν.
2031 4013 2149 4061 Non
2171 4012 2355 4060 mirum
2379 4025 2520 4075 ergo,
2544 4012 2586 4061 si
2611 4011 2716 4060 ali--

1634 4085 1840 4149 quando
1880 4086 2290 4149 praetermissum
2322 4087 2388 4136 sit
2410 4102 2442 4135 a
2461 4086 2716 4136 librariis..

1635 4162 1739 4212 Hic
1762 4170 1907 4213 certe
1929 4178 2253 4230 reponerem,
2272 4165 2460 4215 delatas
2480 4169 2572 4215 est.
2611 4163 2703 4216 Pi·

1634 4239 1821 4292 chena.
