3050 4867
824 408 970 462 ms.
1018 411 1099 465 ιι.
1146 412 1310 461 oar.
1355 395 1464 461 11.
1511 409 2072 460 ms‘romsnuu.

349 556 831 611 terriculamentum
853 554 1300 608 Senatusconsnlti
1319 554 1412 604 eti·

353 647 458 695 am,
478 648 583 683 non
601 632 882 692 terriculis,
902 631 998 679 sed
1027 631 1078 679 vi
1099 629 1412 695 eloquentia

347 718 405 759 et
446 709 627 773 gratim
666 723 771 758 suae
817 707 1170 758 annitebatur.
1229 707 1414 755 Grono-

348 798 470 834 ants.

418 861 744 923 Trous-atque
763 874 983 922 mmmm
997 863 1187 909 senatus
1204 858 1413 923 ραι-ειη]

349 935 635 998 Exemplar
659 935 877 999 regium,
900 936 1220 998 haeretque
1240 936 1417 998 magis·

348 1015 505 1061 trdus
519 1026 571 1074 p.
608 1011 772 1060 Rhea.

426 1085 554 1136 Dedi
590 1088 652 1134 ad
693 1085 895 1135 exitians
928 1086 1245 1149 postularent]
1332 1086 1417 1136 Sic

350 1162 580 1211 Floreat.
618 1161 805 1224 Vulgo,
824 1163 1102 1225 postularet.
1138 1162 1287 1212 Pich.

297 1296 304 1301 ,
400 1238 625 1294 Quamvis
637 1238 940 1304 infir-mutnet
958 1239 1218 1303 inpoenitens]
1243 1238 1415 1303 Scrip-

354 1314 530 1375 simus,
571 1312 799 1368 Quamvis
833 1312 1037 1363 ἐιιοίειιηι
1067 1329 1125 1364 ac
1160 1320 1413 1365 nocentem.

353 1389 523 1439 Rhen.

422 1462 771 1527 Meminerant]
851 1464 1017 1515 Tacit.
1064 1464 1203 1514 Hist.
1245 1478 1322 1514 xv.
1364 1465 1416 1514 iu

356 1542 590 1591 oratione
632 1539 804 1592 Curtii
844 1540 1119 1601 Montani3
1164 1547 1221 1590 et
1263 1542 1416 1604 paulo

355 1624 491 1685 post,
545 1615 633 1666 ubi
679 1615 906 1665 occurrit
946 1616 1163 1679 junctus
1215 1618 1231 1645 ‘
1256 1617 1418 1681 Eprio

356 1692 645 1743 Marcello?
680 1691 834 1741 Savil.

421 1770 555 1821 Cu».
583 1773 661 1818 11.
686 1768 823 1819 Loetu
846 1768 1063 1832 interim]
1099 1767 1418 1818 Adverhium

354 1844 453 1895 hoc
492 1846 543 1895 in
584 1846 804 1911 vulgatis
825 1860 1015 1896 vacans
1040 1844 1264 1907 restitui,
1303 1844 1420 1893 Flo-

356 1921 549 1971 rentini
583 1927 639 1970 et
675 1923 806 1972 Ven.
842 1928 899 1972 et
930 1921 1146 1972 aliorum
1187 1927 1422 1970 veterum

360 1997 695 2049 auctoritate.
729 1998 872 2047 Pieli.

426 2074 606 2124 Othoni
642 2072 905 2138 principia]
977 2071 1040 2122 In
1078 2071 1422 2122 describendo

357 2165 466 2200 rem
508 2151 640 2199 tanti
670 2151 934 2213 momenti,
970 2149 1133 2213 qualis
1166 2148 1277 2199 haec
1304 2146 1422 2209 fuit,

356 2225 494 2277 inter
517 2227 788 2277 Vitellium
826 2236 883 2276 et
924 2226 1183 2276 Othonem
1209 2224 1425 2288 agitata,

355 2301 582 2364 ficitas,
599 2309 658 2351 ut
673 2301 792 2351 mihi
806 2300 1015 2366 quidem
1034 2300 1254 2363 videtur,
1271 2301 1423 2359 longe

359 2376 532 2441 seipso
552 2375 766 2426 inferior
789 2376 899 2437 e'st;
933 2375 1152 2437 omissis,
1172 2389 1290 2439 quae
1315 2375 1425 2439 plu·

360 2455 540 2505 rimam
562 2457 662 2506 huc
685 2454 1327 2519 faciunt,circumstantiis,
1346 2468 1424 2503 as·

359 2546 642 2597 serensque
681 2539 737 2582 et
774 2531 1098 2582 confundens
1119 2532 1172 2580 in
1197 2530 1423 2593 speciem

360 2608 666 2671 pugnantia,
689 2615 865 2672 atque,
901 2613 962 2656 ut
983 2606 1213 2657 breviter
1236 2605 1425 2667 dicam,

359 2684 546 2733 lectori
568 2698 670 2733 non
695 2682 956 2734 satisfacit
993 2697 1057 2733 ex
1096 2681 1324 2731 historiae
1354 2682 1426 2730 le·

361 2760 532 2825 gibus.
587 2760 774 2812 Quoad
799 2760 1236 2822 circumstantias,
1257 2757 1426 2808 Otho·

360 2849 496 2899 uem,
535 2835 855 2899 praecipuum
894 2843 1146 2897 actorem,
1185 2841 1241 2883 et
1276 2833 1426 2898 cujus

359 2913 445 2962 vel
468 2911 690 2975 vestigia
721 2910 940 2961 fuissent
972 2908 1306 2970 numeranda,
1328 2910 1429 2960 Ta-

361 2986 499 3037 citus
517 3000 588 3036 ex
611 2987 756 3049 urbe,
779 2989 877 3037 διο.
903 2989 928 3015 “
964 2986 1119 3035 Saoil.

425 3063 683 3128 Praecipua
691 3063 831 3123 sama
846 3063 1293 3126 qum-tadecumoena]
1312 3065 1431 3113 Cas·

364 3140 639 3202 tigavimus
670 3140 901 3204 precipui
939 3138 1081 3200 sumu
1118 3139 1430 3196 Quartodeci-

363 3217 509 3265 καὶ.
546 3215 840 3265 Rhenanus.
874 3214 982 3264 Alii
1000 3217 1244 3280 precipui.
1304 3218 1432 3278 Nos,

358 3292 618 3356 precipua,
635 3293 895 3341 venetum
920 3290 1147 3355 sequuti,
1173 3291 1313 3356 quod
1330 3292 1432 3340 ista

364 3364 464 3417 v’ox
503 3368 802 3418 concinnior
834 3368 1115 3418 videretur.
1180 3367 1265 3416 Sic
1297 3365 1432 3417 infra

366 3442 510 3495 nist.
549 3458 612 3494 11.
651 3448 734 3493 32.
791 3442 859 3493 de
897 3443 993 3493 hac
1042 3443 1155 3507 ipsa
1209 3442 1433 3506 legione,

365 3522 381 3549 ⁴
407 3535 596 3585 magna
617 3520 783 3583 ipsam
807 3517 963 3569 fama.
966 3517 981 3541 ’
1017 3518 1238 3568 Freinsh.

436 3598 702 3648 Rebellione
746 3596 1046 3660 Britannia]
1143 3594 1433 3645 Historiam

363 3674 498 3725 hanc
522 3671 635 3723 fuse
679 3674 1030 3737 persequitur,
1065 3670 1203 3721 Anu.
1223 3683 1341 3721 nv.
1377 3676 1435 3721 et

364 3750 419 3801 in
442 3749 552 3801 vita
573 3749 751 3812 Agric.
786 3749 938 3801 Sava.

433 3825 483 3875 Ε
505 3824 696 3889 fiducia
727 3825 934 3874 tarditas
954 3824 1139 3890 inerat]
1207 3822 1310 3875 Hic
1336 3827 1437 3870 tar·

368 3900 545 3950 ditatis
597 3900 857 3950 Othonem
879 3900 1102 3964 ,pi-guit,
1152 3908 1207 3949 et
1260 3905 1433 3949 tamen

366 3976 521 4042 paulo
541 3974 679 4025 infra
701 3975 806 4025 ait:
838 3975 854 4002 ‘
882 3976 998 4026 Nec
1036 3975 1111 4024 illi
1146 3987 1306 4039 segne
1344 3979 1437 4023 aut

368 4058 673 4117 corruptum
712 4052 836 4102 luxu
872 4051 975 4101 iter
991 4050 1024 4100 :’
1059 4057 1115 4100 et
1153 4063 1310 4114 supra
1347 4048 1439 4099 lib.

367 4143 527 4194 praec.
567 4130 622 4178 in
665 4128 797 4178 fine:
831 4131 846 4157 ‘
872 4128 1195 4191 Aspernatus
1235 4138 1438 4174 omnem

368 4205 771 4267 cunctationem,
808 4210 865 4254 ut
887 4204 1083 4255 Neroni
1104 4215 1309 4268 quoque
1335 4200 1440 4250 exi·

370 4279 592 4333 tinum:
647 4279 1026 4343 Respondetur,
1047 4280 1309 4330 Othonem
1328 4275 1439 4341 qui·

373 4354 493 4413 dem
532 4354 859 4423 festinanter,
901 4356 1144 4425 omnique
1181 4353 1441 4406 cunctati·

2364 391 2547 458 4191

1487 567 1589 603 one
1612 557 1830 615 remota,
1853 548 2145 615 profectum
2165 560 2282 600 cum
2314 548 2553 600 exercitu

1490 630 1557 678 ab
1577 628 1725 679 urhe:
1737 635 1793 679 et
1806 636 2053 693 quantum
2072 625 2138 675 ad
2156 627 2322 690 ipsum
2339 628 2553 689 attinet,

1490 722 1661 771 neque
1704 711 1948 768 corrupte
1999 717 2168 768 nequa
2222 704 2452 768 seguiter
2495 717 2553 754 se

1491 786 1733 849 gessisse,
1768 792 1827 833 ut
1847 784 1934 847 qui
1968 783 2141 832 omnia
2177 780 2381 845 providi
2403 780 2550 830 ducis

1491 862 1669 911 munia
1684 860 2089 925 adimplevisset.
2130 857 2235 908 Sed
2260 863 2421 907 tantae
2442 870 2550 906 mo-

1490 938 1553 986 lis
1571 936 1846 997 exercitus,
1869 934 2156 1000 proesertim
2180 932 2440 997 legionum
2461 946 2551 996 ag·

1491 1026 1629 1074 men,
1660 1010 1852 1061 fiducia
1887 1009 2069 1059 virium
2106 1014 2333 1069 suarum,
2372 1007 2557 1057 lentio-

1492 1087 1592 1138 rib.
1612 1088 1798 1151 spatiis
1820 1085 2115 1148 incedebat,
2144 1100 2295 1149 quam
2322 1085 2443 1135 belli
2467 1099 2556 1136 ne-

1492 1163 1706 1213 cessitas
1730 1163 2033 1227 postularet.
2068 1162 2292 1211 Picto-a.
2340 1161 2558 1213 Fallitur

1495 1240 1575 1288 vir
1594 1238 1829 1287 eximius.
1895 1237 2018 1286 Nou
2036 1236 2171 1287 enim
2191 1236 2431 1298 Othonis,
2452 1249 2557 1305 non

1490 1315 1655 1365 omnis
1678 1314 1958 1376 exercitus,
1977 1313 2069 1361 sed
2103 1312 2329 1362 solorum
2351 1318 2557 1376 quarta·

1489 1384 1872 1440 decimanorum
1900 1387 2203 1439 tarditatem
2227 1396 2441 1438 accusat
2462 1382 2557 1438 'Pa-‘-

1488 1465 1640 1514 citus.
1677 1466 1886 1515 Gronov.

1566 1543 1642 1591 Eo
1681 1556 1851 1604 agmen
1900 1542 2157 1605 legionum]
2245 1541 2557 1592 Sustulimus

1492 1618 1776 1668 dictionem
1795 1633 1863 1666 eo.
1900 1619 2064 1667 Rhea.

1565 1695 1821 1744 Vestricius
1853 1693 2120 1757 Spurinna]
2184 1695 2269 1744 De
2315 1694 2406 1743 illo
2438 1695 2560 1747 vide

1493 1770 1721 1820 Plinium
1744 1770 1778 1819 1.
1805 1783 1881 1819 tv.
1905 1784 1990 1833 ep.
2018 1774 2068 1820 1.
2101 1775 2157 1820 et
2177 1774 2255 1821 lo.
2293 1776 2349 1820 et
2369 1784 2433 1820 11.
2470 1786 2557 1835 ep.

1493 1852 1545 1897 7.
1579 1847 1732 1897 Sava.

1562 1925 1682 1975 Siste·
1705 1924 1837 1974 intra
1854 1922 2064 1985 Gallias]
2131 1923 2213 1971 Ex
2236 1922 2376 1972 Flor.
2400 1921 2558 1971 intra.-

1494 2015 1612 2050 nam
1637 2002 1811 2063 vulgo,
1832 2000 1975 2048 inter.
2024 1998 2171 2047 Pich.

1572 2077 1795 2127 Veterani
1813 2090 1838 2125 s
1858 2074 2106 2139 pretorio]
2174 2073 2459 2136 Superesse
2489 2072 2564 2123 vi·

1498 2152 1725 2204 deantur
1764 2155 1844 2203 hae
1887 2167 2057 2202 voces.
2124 2150 2388 2202 Praemisit
2425 2151 2564 2201 enirn

1489 2229 1603 2292 jam
1620 2243 1754 2279 nuuc
1776 2229 1844 2279 de
1862 2228 2116 2293 praetoriis
2134 2228 2369 2277 omuibus
2383 2225 2565 2276 cohor-

1499 2304 1673 2354 tibus:
1710 2306 1798 2368 qui
1821 2305 1981 2368 igitur
2004 2304 2090 2354 isti
2109 2302 2323 2368 amplius
2359 2318 2389 2351 e
2430 2316 2565 2366 prm·

1503 2380 1671 2429 torio?
1736 2380 1841 2430 Sed
1871 2393 1972 2429 non
2005 2386 2297 2444 supersunt.
2362 2377 2566 2428 Distin-

1501 2455 1617 2519 guit
1657 2456 1794 2505 enim
1838 2470 1870 2505 a
1911 2457 2203 2506 cohortibus
2246 2456 2563 2505 Veteranosz

1500 2537 1681 2591 recte3
1716 2531 1837 2595 quia
1875 2538 2241 2581 exauctoratos
2288 2529 2567 2593 intellegit,

1501 2612 1559 2654 et
1592 2607 1678 2669 qui
1701 2613 1820 2670 post
1850 2607 2075 2657 sedecim
2113 2606 2373 2670 stipendia
2410 2605 2569 2655 habe-

1503 2681 1697 2732 bantur
1727 2682 1822 2732 sub
1846 2683 2052 2745 vexillo,
2088 2698 2187 2731 non
2228 2682 2380 2731 aliter
2414 2695 2568 2747 quam

1500 2756 1789 2823 legionarii,
1831 2758 1897 2808 de
1919 2757 2102 2824 quibus
2121 2757 2307 2822 scripsi
2341 2758 2465 2806 satis
2499 2755 2569 2806 ad

1504 2835 1691 2885 Annal.
1709 2848 1750 2886 ι.
1817 2833 1981 2899 Atqui
2003 2834 2055 2883 hi
2079 2848 2175 2883 nec
2197 2834 2253 2883 iu
2280 2832 2568 2897 legionibus

1501 2914 1641 2962 ultra
1659 2912 2021 2974 censebantur,
2045 2910 2237 2961 necilli
2259 2909 2312 2957 in
2349 2906 2573 2957 cohorti

1504 2988 1618 3039 hus.
1653 2989 1786 3051 Lips.

1568 3067 1743 3116 Lon’ca
1765 3064 1933 3126 ferrea
1954 3068 2171 3125 mest,
2210 3066 2256 3111 et
2278 3065 2389 3111 ants
2408 3058 2571 3122 signa]

1507 3139 1809 3191 Delevimus
1855 3138 2071 3188 verbum
2114 3143 2205 3188 est.
2276 3137 2572 3186 Rhenanus.

1508 3216 1703 3268 Addidi
1769 3216 1981 3266 verbum
2036 3220 2128 3277 est,
2184 3228 2252 3264 ex
2312 3213 2452 3262 Flor.
2508 3225 2572 3262 ac

1506 3294 1642 3343 Ven.
1680 3293 1799 3342 Mos
1823 3298 1996 3342 autem
2020 3289 2276 3340 notandus
2314 3288 2575 3337 Romano·

1509 3384 1622 3419 rum
1645 3370 1852 3431 ducum,
1890 3367 2110 3431 pedibus
2149 3373 2273 3416 ante
2302 3364 2449 3429 signa
2471 3377 2575 3413 am·

1509 3443 1815 3496 haluntium.
1882 3442 2021 3492 Plin.
2056 3443 2254 3506 Paneg.
2293 3440 2361 3490 ad
2395 3439 2577 3503 Traja-

1507 3534 1664 3581 num;
1712 3523 1727 3549 ⁸
1751 3534 1871 3570 cum
1909 3519 2021 3582 jam
2065 3526 2154 3568 tua
2199 3516 2406 3580 vexilla,
2457 3524 2575 3567 tuas

1508 3596 1745 3660 Aquilas,
1767 3608 1953 3658 magno
1975 3593 2137 3657 gradu
2161 3592 2424 3643 anteires!
2469 3590 2578 3642 Ubi

1511 3671 1718 3735 Lipsius
1735 3670 1838 3719 alia
1853 3669 2094 3733 exempla
2115 3668 2312 3733 adjicit.
2349 3667 2577 3717 picam.

1510 3745 1661 3796 Alius
1684 3744 2004 3795 describitur
2025 3759 2057 3792 a
2078 3743 2334 3795 ,Iuvenale
2355 3742 2465 3791 Sat.
2489 3754 2577 3792 nr.

1512 3837 1564 3872 v.
1589 3826 1701 3873 190.
1788 3819 1927 3873 Quid
1950 3819 1993 3869 si
2016 3833 2083 3868 ex
2108 3819 2283 3882 priore
2307 3815 2444 3866 fama
2464 3816 2577 3868 haec

1512 3899 1591 3949 illi
1627 3896 1939 3962 affinguntur
1975 3912 2007 3945 a
2047 3896 2240 3961 poeta?
2293 3901 2579 3959 nosterque

1516 3980 1788 4025 recenseat
1823 3972 2130 4023 veritatem?
2172 3970 2414 4033 fameque
2440 3970 2579 4018 dissi·

1514 4051 1659 4101 milis.
1723 4049 1828 4101 Sed
1866 4049 2284 4114 proetereundum
2330 4060 2432 4096 non
2477 4051 2579 4108 est,

1515 4142 1667 4191 qnam
1701 4125 1873 4189 lepide
1906 4122 2319 4188 Satyrographus
2350 4119 2580 4170 hemisti-

1516 4203 1632 4251 chio
1672 4200 1960 4263 virgiliano
2000 4199 2295 4261 captaverit
2332 4201 2580 4247 venusta·

1518 4285 1659 4329 tem:
1725 4279 1742 4305 ⁴
1779 4274 1988 4325 Actoris
2047 4271 2246 4323 Arunci
2319 4270 2580 4335 spolium?

1518 4351 1675 4405 Quod
1697 4349 2034 4417 Aristophani
2055 4350 2213 4401 etiarn
2235 4346 2450 4414 factum,
2472 4347 2585 4415 qui,
