3050 4867
811 421 957 469 mu.
1007 419 1104 469 iv,
1151 419 1316 469 car.
1358 402 1467 469 69.
1496 419 2054 471 maronianum.

334 562 659 613 Britanniam
684 577 751 612 ιιι·
753 577 867 612 ssus
884 560 1045 613 therit
1063 560 1394 628 (ἄρξωνΒρητ-

331 637 537 704 ταινίαι),
551 646 608 691 et
627 641 682 689 in
705 639 889 689 itinere
911 639 1090 688 audita
1111 639 1394 688 Germano-

329 728 446 765 rum
468 721 522 765 et
543 715 809 765 Gallorum
834 714 1088 764 seditione
1126 728 1391 778 composn-

332 792 434 842 crit
455 792 668 842 animos.
702 789 852 844 savit.

395 870 567 933 Arrio]
615 868 699 918 lta
718 881 922 932 semper
944 866 997 915 in
1019 867 1159 917 Flor.
1184 866 1391 929 legitur,

329 958 453 1006 uon,
475 946 612 1006 Ario,
641 953 699 993 ut
738 944 788 992 in
812 942 1035 1007 vulgatis
1066 949 1121 990 et
1158 955 1188 989 a
1207 942 1389 991 Tacito

328 1020 443 1084 ipso
463 1036 602 1085 sape
627 1020 807 1069 eodem
845 1018 1050 1069 nomine
1082 1017 1387 1081 appellatur.

330 1096 557 1145 Picheua.

392 1173 672 1223 Arretinum
692 1170 997 1233 Clementem]
1027 1168 1387 1228 Scribendum,

327 1249 622 1310 Arrii-inum,
675 1262 740 1297 ex
771 1247 1001 1311 ,antiqua
1053 1245 1387 1309 inscriptione

326 1335 481 1389 quam
505 1324 725 1373 vidimus
761 1322 883 1371 olim
920 1323 971 1370 iu
1005 1320 1204 1370 schedis
1247 1319 1385 1382 apud

325 1398 671 1448 Benedictum
747 1397 948 1460 AEgium
1045 1396 1389 1459 Spoletinum,

327 1473 479 1522 Rom.
500 1473 826 1538 antiquitatis
847 1475 1009 1530 virum
1036 1474 1313 1536 curiosum,
1331 1481 1388 1524 et

324 1547 402 1597 ita
424 1550 798 1598 emendandum
823 1549 962 1612 apud
993 1549 1207 1599 Sueton.
1228 1550 1385 1598 Dom.

329 1627 407 1672 11.
450 1624 612 1674 Ursis.

390 1698 578 1748 Letum
598 1701 828 1750 militibus
849 1700 1036 1763 nmen]
1067 1702 1130 1751 In
1150 1702 1251 1749 ΜΒ.
1265 1701 1385 1751 cod.

322 1781 420 1836 est,
445 1776 519 1824 ide
540 1791 720 1826 nomeu.
773 1778 1015 1826 Fortasse
1033 1776 1384 1839 scribendum,

321 1853 377 1901 id
397 1867 575 1901 men.
612 1854 844 1904 Rhenau.

390 1929 682 1992 Quamquam
714 1929 956 1979 Senatorii
1009 1929 1213 1992 ordinis]
1264 1929 1295 1959 ¹·
1318 1929 1383 1979 ab

323 2006 499 2071 equite
525 2009 755 2057 Romano
773 2007 1216 2057 administratam!
1279 2009 1384 2059 Oc-

323 2082 465 2132 culte
493 2083 784 2134 adsentitur
824 2084 1022 2134 Plinius
1061 2083 1380 2134 Praefatione

322 2159 526 2221 operis:
559 2159 576 2186 ‘
603 2161 740 2209 Dum
776 2161 902 2209 illud
936 2162 1072 2225 patri
1099 2163 1297 2225 pariter
1327 2169 1381 2213 et

322 2236 554 2298 equestri
588 2237 754 2286 ordini
812 2247 1045 2302 praestas,
1092 2239 1382 2290 Pr-oefectns

323 2310 572 2374 proetorio
592 2312 740 2376 ejus!
791 2315 988 2364 Tamen
1012 2325 1190 2367 noster
1211 2319 1381 2382 palam

321 2384 561 2437 adfirmat
578 2389 896 2439 Clementem
915 2393 1050 2441 bunc
1067 2393 1384 2456 Arretinum,

321 2473 377 2514 et
418 2464 735 2515 Praefectum
774 2475 829 2516 et
869 2470 1169 2518 Senatorem
1209 2468 1382 2520 fuisse.

320 2539 476 2591 Adde
516 2557 631 2607 quae
671 2544 848 2593 notavi
898 2543 964 2593 ad
1019 2546 1055 2595 1.
1099 2558 1173 2595 tv.
1206 2561 1379 2610 supra.

317 2615 527 2679 Lipsius.

385 2694 545 2756 Atque
594 2694 765 2755 ipsum,
826 2707 1085 2757 quanquam
1140 2694 1382 2746 Senatorii

319 2770 519 2832 ordinis,
552 2767 615 2819 a'd
649 2771 868 2834 utraque]
919 2772 1162 2836 Pugnare
1201 2773 1380 2822 isthaec

321 2861 438 2896 cum
483 2846 812 2900 Suetonianis
850 2854 905 2898 et
944 2847 1213 2910 plinianis,
1245 2847 1379 2897 bene

320 2923 520 2973 monuit
556 2924 803 2972 disertiss.
842 2923 1065 2987 Lipsius,
1104 2938 1231 2988 qnos
1275 2935 1378 2972 nou

320 3008 512 3063 purgat
544 3001 731 3064 culpae.
801 3001 957 3050 Facio
977 3016 1091 3064 ego,
1110 3001 1196 3065 qni
1216 3007 1381 3049 testor

322 3085 529 3125 exstare
568 3077 618 3126 in
659 3077 781 3127 edit.
800 3079 945 3126 Rom.
970 3077 1221 3140 principe,
1240 3080 1381 3139 utque

319 3152 474 3215 iprum
508 3153 843 3215 tammam
879 3167 943 3200 ex
969 3166 1070 3215 qua
1106 3158 1273 3215 patet,
1308 3152 1381 3199 al·

322 3234 485 3277 teram
500 3229 775 3278 lectionem
790 3235 1190 3286 controversam,
1212 3241 1380 3291 neque

320 3303 604 3354 secundum
651 3318 763 3353 eam
811 3304 986 3353 statim
1041 3303 1381 3366 pronuncian-

321 3382 443 3432 dum
458 3382 643 3447 judici.
710 3380 850 3435 Quid
874 3387 1046 3430 autem
1067 3379 1154 3427 hic
1174 3377 1380 3441 proprie

322 3460 469 3520 velit,
513 3473 608 3522 per
664 3458 928 3523 angustias
977 3455 1227 3520 temporis
1280 3467 1381 3503 non

321 3535 447 3585 licet
490 3543 765 3601 exputare,
809 3541 862 3582 et
889 3525 1039 3581 'batis
1090 3536 1191 3591 est,
1231 3537 1382 3578 reatu

319 3611 503 3661 saltem
525 3611 782 3661 distulisse
801 3608 1002 3658 Tacito.
1038 3606 1237 3654 Gruter.

387 3694 702 3739 Assumuntur
750 3703 775 3737 e
828 3686 1021 3735 civitate
1091 3683 1382 3733 clarissimus

321 3766 536 3831 quisque]
601 3764 723 3815 scil.
748 3777 814 3813 ex
845 3760 1096 3826 suspectis
1118 3758 1382 3820 Muciano,

324 3859 453 3912 quos
491 3844 577 3893 ille
620 3842 825 3892 honoris
865 3838 1038 3904 specie
1078 3835 1143 3885 ad
1190 3834 1379 3884 bellum

324 3922 587 3974 Gallicum
605 3918 899 3984 ablegabat.
935 3914 1167 3966 Pichena.

395 3999 620 4062 Legiones
643 3997 859 4058 rictu-im
878 4007 954 4044 vr.
980 3997 1026 4042 et
1050 3988 1239 4051 xvim]
1280 3989 1382 4038 Be:

325 4090 393 4126 ne
430 4073 824 4137 Savilius,Sexta
862 4075 908 4121 et
942 4074 1131 4119 oetava:
1163 4074 1219 4116 et
1242 4081 1381 4128 mox,

323 4165 404 4202 vt.
439 4157 564 4202 οὐκ.
604 4166 665 4199 ex
703 4148 959 4213 Hispania.
1005 4146 1233 4194 Mercer.
1301 4142 1382 4191 Ex

324 4228 555 4279 historiae
576 4225 674 4300 fide
712 4223 978 4273 admonuit
999 4221 1267 4270 Mercerns
1304 4231 1384 4266 re·

323 4303 641 4356 sumendum
661 4315 739 4354 vx.
759 4303 808 4350 et
841 4297 1180 4349 v111.1dem
1217 4293 1385 4343 innuit

2356 407 2527 473 4301

1469 560 1610 611 Flor.
1628 560 1682 611 iu
1704 576 1806 627 quo
1828 569 2075 626 corrupte
2098 563 2308 627 legitur,
2326 564 2531 627 teg-'oneo

1464 639 1813 689 victricesvim
1839 652 1919 688 ιιι.
1936 653 2056 690 vin.
2082 639 2329 691 Picbena.
2363 641 2530 693 Immo

1473 729 1597 763 vero
1620 715 1770 763 Sexta
1791 720 1837 764 et
1862 719 2042 764 οσωω.
2107 715 2327 766 Casuum
2351 716 2529 768 discri-

1465 805 1581 840 men
1611 793 1931 841 sustnlerunt
1968 798 2128 854 notoe,
2150 807 2262 856 quoe
2288 792 2532 843 videntur

1462 864 1625 916 fuisse
1648 867 1701 915 in
1725 868 1867 916 libris
1894 867 1994 916 Ms.
2019 880 2097 916 vr.
2120 871 2167 916 et
2188 881 2311 917 vin.
2355 867 2526 918 Fuist-

1532 1020 1695 1068 Tem‘a
1743 1035 1799 1068 uc
1844 1017 2024 1083 prima]
2074 1019 2311 1068 Savillius
2356 1020 2525 1084 legit:

1462 1093 1615 1143 Sea-tu
1642 1109 1699 1145 uc
1731 1096 1929 1145 deci-na.
2000 1097 2134 1143 Nam
2172 1111 2327 1160 supra
2360 1097 2436 1146 sic
2470 1097 2525 1145 in

1465 1168 1716 1233 Hispania
1750 1170 2041 1219 collocavit.
2105 1171 2297 1219 Tamen
2321 1178 2376 1221 et
2400 1172 2528 1221 Ter·

1461 1246 1534 1294 tia
1571 1246 1641 1294 ibi
1679 1245 1796 1308 fuit,
1819 1252 1873 1295 et
1911 1246 2185 1295 diuturnae
2231 1260 2330 1295 uec
2375 1248 2525 1297 aliam

1460 1337 1696 1372 caussam
1720 1324 1962 1381 arbitror,
1995 1336 2086 1370 cur
2113 1322 2328 1385 Hispani
2352 1322 2525 1371 bodie·

1458 1414 1560 1462 qne
1601 1400 1826 1462 legiones
1864 1414 1982 1448 suas
2018 1398 2204 1447 Tertios
2240 1400 2523 1476 appellent.

1457 1475 1666 1538 Lipsius.

1525 1564 1603 1599 vr.
1628 1557 1675 1599 et
1701 1564 1754 1598 x.
1779 1566 1841 1600 ex
1866 1551 2106 1613 Hispania
2127 1550 2316 1612 accite]
2365 1549 2522 1601 Hunc

1458 1628 1616 1676 etiam
1675 1629 1934 1691 legionum
2019 1641 2285 1675 numerum
2375 1636 2520 1678 recte

1458 1704 1749 1754 emendavit
1787 1704 2022 1752 Savillius
2046 1703 2266 1766 Ang1us,
2288 1711 2346 1753 ut
2382 1702 2520 1752 idem

1459 1780 1728 1829 Mercerus
1750 1786 1989 1828 testatur.
2054 1778 2219 1827 Immo
2242 1777 2352 1841 ipse
2373 1778 2520 1827 Taci-

1458 1863 1543 1905 tus
1599 1870 1687 1906 eas
1741 1857 1818 1906 sic
1874 1855 2104 1919 appellat
2154 1853 2246 1904 lib.
2285 1851 2519 1917 praeced.

1455 1933 1682 1981 Pie-hena.

1519 2009 1653 2058 Cu».
1698 2013 1780 2057 69.
1843 2008 1977 2056 Unde
2030 2006 2105 2055 ris
2150 2003 2520 2071 aruspicinam]

1456 2084 1588 2147 Nos,
1608 2085 1824 2144 undejm
1838 2085 1969 2147 αιιηί.
2006 2083 2239 2133 Rhenan.

1521 2160 1623 2209 Per
1644 2160 1817 2222 ,iurgia
1839 2159 2159 2223 jactantibus]
2192 2157 2394 2222 Sumpsi
2414 2159 2519 2209 lec·

1456 2234 1646 2284 tionem
1671 2253 1700 2283 a
1726 2237 1789 2283 P.
1815 2237 2081 2285 Manutio:
2104 2236 2189 2299 qui
2214 2236 2379 2285 amice
2396 2234 2519 2284 mibi

1456 2311 1507 2359 in
1551 2311 1902 2374 pomeridiano
1941 2325 2174 2359 sermone
2215 2310 2518 2360 contribuit.

1459 2388 1594 2436 Nam
1614 2388 1766 2450 vulgo
1785 2395 1879 2450 est,
1894 2387 2522 2451 perjuriaquoejmantibus:

1456 2463 1506 2512 in
1532 2479 1753 2513 mauuss,
1788 2464 2000 2526 perjuria
2021 2464 2345 2524 jactantibus.-
2378 2463 2517 2528 quod

1459 2539 1810 2589 Manutiauam
1896 2538 2250 2602 conjecturam
2330 2536 2518 2587 firmat.

1456 2615 1687 2664 Romano
1712 2622 1883 2667 tamen
1906 2613 2037 2663 libro
2061 2621 2159 2675 est,
2186 2627 2277 2675 pro
2286 2612 2400 2672 jure
2410 2613 2525 2672 jac:

1455 2691 1690 2740 tantibioe:
1711 2690 1846 2756 quod
1874 2690 2109 2755 rejicere,
2132 2688 2376 2753 injurium
2394 2701 2519 2739 sane

1455 2768 1543 2816 sit.
1575 2766 1784 2831 Lipsius.

1519 2840 2156 2905 Perffuriaquejactuntibm]
2191 2840 2423 2890 Doctiss.
2443 2840 2523 2890 vir

1454 2917 1626 2966 verbis
1666 2918 1732 2968 P.
1752 2919 1975 2967 Munatii
2009 2933 2098 2980 per
2125 2917 2319 2977 jurgia.
2389 2913 2519 2965 Eani

1454 2992 1805 3056 conjecturam
1831 2993 1988 3058 (bona
2011 2991 2291 3041 venditoris
2327 2989 2519 3054 gratia)

1454 3067 1705 3116 titivilitio
1744 3083 1848 3117 non
1888 3068 2117 3117 emerim.
2185 3066 2416 3130 Quisque
2463 3065 2515 3115 id

1455 3141 1778 3207 proferebat,
1817 3159 1918 3208 quo
1946 3143 2155 3193 rebatur
2178 3159 2234 3193 se
2256 3144 2429 3192 valere
2453 3144 2519 3194 ad

1456 3218 1791 3268 obtinendum
1817 3220 2164 3284 principatum
2185 3237 2200 3282 3
2236 3235 2354 3283 pars
2376 3234 2431 3269 se
2454 3235 2518 3271 eo

1456 3293 1640 3358 dignos
1663 3294 1946 3356 ducebant,
1982 3295 2119 3360 quod
2157 3296 2332 3344 multis
2357 3293 2518 3347 foede·

1456 3370 1599 3420 ribus
1622 3381 1795 3421 essent
1827 3371 2041 3420 muniti:
2086 3371 2318 3436 plenique
2338 3386 2517 3422 receu-
2623 3399 2629 3406 ·

1456 3446 1641 3496 sebant
1664 3447 1796 3497 vires
1820 3456 1876 3498 et
1900 3463 2025 3513 opes
2046 3466 2058 3499 :
2104 3448 2335 3498 nonnulli
2363 3449 2519 3512 origi-

1457 3523 1537 3571 nis
1557 3532 1884 3574 vetustatem.
1950 3523 2174 3576 Quidam
2214 3523 2518 3574 rebelliones

1457 3598 1702 3648 adversus
1774 3601 2046 3660 Romanos,
2110 3600 2258 3664 quasi
2333 3599 2518 3649 merito

1457 3676 1701 3738 princeps
1749 3676 1836 3726 ille
1874 3679 2094 3740 populus
2133 3690 2245 3724 esse
2278 3674 2519 3735 deberet,

1457 3750 1545 3815 qui
1599 3751 1843 3800 adversus
1900 3752 2152 3800 Romanos
2202 3765 2303 3798 non
2359 3749 2519 3798 semel

1456 3825 1764 3890 foedifragus
1828 3825 2235 3876 misericordiam
2308 3823 2518 3888 penitus

1456 3906 1840 3954 consumsisset.
1928 3904 2060 3953 Haec
2135 3900 2314 3950 ultima
2371 3907 2519 3949 certe

1456 3980 1595 4043 apud
1620 3981 1905 4030 Germanos
1946 3977 2228 4043 potentiam
2267 3975 2518 4038 imprimis

1455 4055 1815 4106 conciliabant.
1879 4057 2114 4107 Quanam
2151 4051 2286 4100 enim
2324 4049 2427 4098 alia
2450 4048 2518 4099 de

1456 4143 1612 4180 causa
1626 4132 1805 4180 Civilis
1828 4130 2144 4194 gloriabatur
2159 4127 2380 4188 majores
2400 4137 2519 4173 suos

1456 4206 1633 4255 hostes
1672 4208 1852 4271 populi
1897 4208 2044 4256 Rom.
2080 4202 2275 4253 fuisse?
2310 4200 2457 4265 ‘ipse
2486 4213 2517 4250 e

1456 4281 1739 4348 majoribus
1778 4282 1884 4333 suis
1933 4282 2095 4332 bostis
2147 4277 2325 4345 populi
2363 4276 2517 4328 Rom.
