3050 4867
938 426 1080 475 ms.
1123 425 1204 475 11.
1250 426 1420 476 cAP.
1463 409 1573 478 37.
1624 425 2061 478 Ant-tamum.

378 581 653 633 annorum,
707 583 845 620 nova
913 570 1131 634 ratione,
1184 570 1452 620 darentur.

442 721 605 785 Mens,
641 724 827 786 domus,
848 721 1076 785 fortuna]
1138 722 1183 773 A
1229 723 1454 786 vulgatis

377 796 639 863 plerisque
697 801 846 850 abest
901 800 1256 863 interrogandi
1311 807 1454 864 nota,

378 885 531 924 sensu
557 874 790 926 fortasse
814 877 1083 940 superiora
1105 878 1414 942 respiciente
1436 895 1449 928 z

375 949 428 999 id
466 960 566 1014 est,
585 952 765 1022 odium
799 966 999 1016 eornm,
1019 956 1103 1021 qni
1142 958 1283 1006 ultra
1305 957 1452 1022 quin-

376 1030 659 1094 quennium
693 1034 1086 1096 projicerentur.
1152 1035 1452 1099 Nos,juxta

377 1104 623 1156 Aldinam
671 1105 979 1170 editionem,
1016 1109 1124 1159 haec
1167 1110 1453 1174 interroga·

379 1179 483 1230 tire
520 1184 949 1246 pronunciamus,
988 1190 1041 1234 et
1074 1185 1140 1235 ad
1180 1190 1453 1252 sequentia

379 1258 671 1323 referimus,
714 1275 903 1324 nempe
949 1261 1014 1310 ad
1064 1262 1449 1327 designatorum

377 1336 703 1399 snperbiam:
760 1353 978 1403 qnorum
1032 1353 1193 1404 mens,
1245 1340 1448 1407 domus,

377 1409 608 1476 fortuna,
654 1429 721 1463 ea
749 1416 958 1465 lionoris
997 1415 1448 1482 diuturnitate,'in

374 1484 602 1538 deterius
650 1490 784 1541 forte
826 1499 1273 1553 converterentur,
1316 1495 1450 1544 sedi-

377 1562 561 1627 tiones,
590 1582 659 1615 ac
680 1582 764 1616 res
783 1582 945 1617 novas
969 1569 1265 1632 spectando.
1329 1571 1448 1620 Sta·

379 1646 458 1689 tus
476 1642 619 1691 enim
648 1646 870 1693 mutatio
909 1652 1133 1695 mentem
1155 1647 1313 1695 etiam
1337 1648 1446 1696 ani-

377 1728 624 1783 mumque
647 1727 849 1769 mutare
873 1721 1023 1771 solet.
1050 1721 1278 1770 Piehena.
1312 1723 1445 1772 Qnae

380 1792 463 1840 alii
508 1794 573 1843 ad
620 1795 769 1859 hujus
812 1796 916 1845 loci
959 1796 1444 1860 interpretationem

379 1866 647 1932 adfemnt,
674 1871 874 1935 lapides
913 1879 1032 1920 sunt
1055 1873 1263 1922 auribus
1295 1875 1443 1923 meis.

379 1943 515 1996 Quin
545 1947 665 1995 baec
690 1949 899 1996 omnino
924 1947 1255 1997 attribuenda
1277 1948 1444 2013 desig·

375 2024 509 2072 natis
528 2025 678 2075 istis:
710 2033 766 2075 et
802 2027 955 2089 longe
979 2026 1079 2074 alia
1099 2035 1283 2075 notant
1300 2041 1445 2090 mens,

377 2095 529 2162 longe
568 2101 673 2149 alia
702 2103 886 2163 domus,
910 2101 1063 2165 longe
1099 2103 1199 2151 alia
1224 2102 1445 2164 sor-imm,

378 2188 523 2236 qnam
546 2176 746 2238 volunt,
785 2176 854 2227 de
877 2177 1062 2241 quibus
1084 2192 1181 2241 ego
1204 2178 1257 2225 in
1281 2178 1444 2241 suspi-

378 2250 623 2300 cionibus.
670 2252 931 2300 Gruterus.

443 2329 684 2378 Honorem
712 2345 805 2394 per
839 2329 1200 2393 quinquennium
1233 2328 1445 2394 agitent]

376 2401 556 2452 Sermo
582 2403 646 2452 ad
670 2405 917 2453 invidiam
953 2419 1061 2452 rem
1085 2419 1298 2469 augens.
1365 2405 1443 2454 Ut

379 2479 412 2528 l.
436 2492 474 2527 1.
510 2481 525 2507 ‘
553 2481 866 2544 Compressa
906 2496 938 2529 a
979 2481 1195 2530 muliere
1232 2481 1443 2532 seditio·

376 2554 473 2604 ne.'
541 2556 612 2604 Et
650 2558 821 2619 paullo
856 2563 1012 2606 ante:
1049 2559 1064 2585 ‘
1091 2558 1349 2608 confessio
1372 2559 1442 2608 vi-

376 2630 602 2681 tiorum!
656 2632 936 2697 Designati
965 2648 996 2682 a
1015 2634 1317 2696 gerentibus
1335 2650 1442 2684 ma·

378 2705 650 2768 gistratum
691 2715 975 2770 potestate,
1016 2722 1115 2756 non
1141 2709 1439 2772 dignatione

376 2796 541 2847 neque
579 2784 748 2846 gratia
785 2783 1066 2836 differunt:
1101 2785 1256 2834 immo
1278 2787 1441 2849 majo-

376 2871 483 2907 rem
507 2874 648 2922 saepe
672 2860 890 2922 gratiam
909 2860 1117 2925 habent,
1134 2869 1191 2911 ut
1217 2863 1441 2925 plerum·

378 2949 497 2999 que,
542 2949 573 2984 a
627 2936 813 3000 quibus
859 2945 1116 2999 speratur.
1200 2936 1442 2988 Aderant

375 3007 541 3060 ferme
584 3013 746 3062 solem
788 3013 1061 3075 orientem,
1107 3017 1158 3061 et
1214 3028 1437 3077 semper,

375 3099 490 3150 quae
527 3095 739 3152 sperant
776 3089 1026 3151 homines,
1061 3089 1311 3153 ampliora
1342 3089 1441 3139 sibi

375 3161 592 3226 fingunt,
624 3179 773 3229 quam
809 3166 1089 3228 praesentia
1124 3167 1207 3214 vel
1244 3167 1441 3216 inveni-

375 3247 472 3287 unt
493 3241 575 3288 vel
592 3240 877 3298 ,aestirnant.
944 3240 1099 3290 Unde
1116 3255 1220 3291 non
1239 3243 1440 3306 mirum,

372 3314 416 3363 sl
454 3321 511 3364 et
551 3316 647 3379 ipsi
679 3324 944 3366 sumerent
974 3318 1268 3382 superbiam
1292 3318 1437 3383 quasi

374 3391 575 3440 meritis
630 3394 918 3458 quaesitam.
985 3394 1098 3442 Liv.
1153 3396 1188 3445 l.
1233 3408 1437 3444 xxxin.

374 3467 389 3493 ‘
414 3465 534 3531 qnia
557 3482 621 3515 cx
646 3475 912 3532 qnaesturu
939 3468 991 3517 in
1006 3470 1236 3533 judices,
1257 3480 1440 3534 poten·

375 3541 624 3592 tissimum
666 3545 922 3608 ordinem,
940 3544 1316 3608 referebantur,
1329 3546 1438 3609 jam

376 3631 473 3682 pro
496 3617 683 3668 futuris
702 3636 825 3669 mox
847 3620 1028 3684 opibus
1067 3622 1262 3671 animos
1295 3636 1440 3686 gere-

376 3693 539 3744 bant!
607 3697 794 3745 Cicero
850 3701 951 3747 act.
993 3712 1033 3746 ι.
1083 3698 1136 3745 in
1179 3698 1436 3747 Verrem:

373 3770 391 3798 ‘
416 3770 557 3822 Quid
578 3772 768 3834 igitur?
802 3773 939 3836 quod
961 3778 1071 3822 tota
1090 3773 1285 3836 Sicilia,
1302 3772 1439 3837 quod

376 3857 552 3894 omnes
593 3847 774 3909 Siculi,
835 3861 1013 3896 omnes
1069 3850 1443 3911 negotiatores,

373 3933 549 3972 omnes
604 3924 831 3987 publicae
889 3924 1207 3989 privataeque
1273 3925 1439 3973 literae

378 3995 551 4049 Bomae
576 4008 715 4062 sunt,
752 4000 947 4050 nihilne
970 3999 1023 4047 id
1051 4001 1283 4050 valebit?
1315 4000 1440 4049 nibil

374 4074 537 4126 invito
560 4077 773 4126 consule
795 4074 1107 4138 designato.'
1148 4076 1441 4126 Verebatur

376 4149 535 4214 igitur
571 4154 705 4202 haud
747 4151 958 4215 injuria,
1005 4163 1068 4199 ne
1103 4151 1218 4215 quis
1260 4163 1441 4199 eorum

375 4227 463 4293 qui
482 4235 561 4278 tot
579 4220 827 4279 annos‘i'n.
837 4229 1000 4276 oculis
1022 4235 1076 4276 et
1095 4228 1442 4290 exspectatio·

376 4317 445 4354 ne
465 4305 723 4356 hominum
748 4303 992 4365 fuissent,
1015 4305 1149 4353 vires
1165 4304 1441 4367 colligeret

376 4379 442 4431 ad
482 4380 834 4434 invadendum
860 4379 1162 4444 imperium.
1220 4380 1440 4433 Gronov.

2420 409 2595 481 8843

1596 572 1978 636 Quinquiplicnri
1989 572 2206 636 prorsus]
2223 572 2466 637 Expressi
2484 575 2596 625 Ma-

1524 648 1780 711 nuscripti
1831 649 2061 714 verbum,
2109 650 2165 699 in
2219 650 2592 714 antiquioribus

1524 723 1684 772 etiam
1726 724 1876 773 editis
1917 731 2206 789 receptum,
2246 727 2371 777 licet
2415 741 2592 777 recen-

1528 802 1687 851 tiores
1726 804 2053 867 scripserint,
2089 805 2444 870 quintuplicari.
2501 806 2589 855 Pi-

1526 879 1709 930 chena.

1592 956 1727 1005 Car.
1740 961 1820 1006 3⁷.
1842 959 2102 1022 Censusque
2111 960 2397 1022 quorundam
2409 965 2592 1010 senato-

1523 1033 1655 1096 rum]
1682 1033 1905 1085 Quidam
1934 1035 1984 1082 in
2000 1035 2230 1083 versione
2247 1035 2484 1083 Latinam
2502 1050 2590 1085 vo-

1526 1121 1639 1157 cem
1656 1109 1890 1159 retinuit.
1957 1110 2124 1170 Bene,
2147 1110 2273 1158 licet
2295 1110 2429 1158 enim
2454 1123 2591 1161 censu

1526 1189 1695 1249 aucto,
1734 1186 1917 1235 reditus
1952 1186 2107 1235 etiam
2159 1194 2462 1248 augeantur,
2513 1195 2590 1236 ta-

1523 1275 1641 1310 men
1665 1261 1802 1312 inter
1832 1261 2101 1326 utriusque
2133 1262 2372 1312 vocabuli
2396 1263 2589 1327 signifi·

1523 1337 1781 1387 cntionem
1839 1340 2059 1388 multum
2111 1339 2375 1388 interest:
2427 1355 2590 1389 census

1522 1414 1659 1464 enim
1699 1430 1794 1480 pro
1836 1421 1948 1465 toto
1980 1415 2312 1480 patrimonio,
2351 1416 2460 1464 sive
2483 1417 2588 1465 uni-

1520 1492 1681 1541 versis
1724 1492 1871 1543 bonis
1908 1495 2180 1562 accipitur.
2245 1493 2404 1557 Apud
2428 1495 2588 1545 Juve-

1519 1569 1695 1618 nalem
1717 1569 1826 1620 Sat.
1851 1575 1929 1620 16.
1964 1573 1980 1599 ⁴
2000 1571 2135 1620 Nam
2157 1585 2270 1636 quae
2289 1577 2410 1619 sunt
2434 1579 2587 1634 parta

1519 1643 1702 1693 labore
1740 1645 1966 1708 Militiae,
2007 1646 2204 1710 placuit
2235 1659 2337 1694 non
2375 1661 2487 1696 esse
2533 1648 2587 1696 in

1520 1733 1738 1783 corpore
1781 1735 1994 1783 census3
2040 1722 2210 1772 Omne
2247 1728 2395 1773 tenet
2434 1723 2585 1788 cujus

1520 1797 1749 1859 regimen
1766 1798 1955 1862 pater!
1991 1791 2356 1848 Frein'shemitoe.

1585 1872 1760 1920 Preces
1799 1873 1876 1923 M.
1915 1871 2139 1935 Hor-tali]
2186 1874 2216 1904 ⁴¹
2239 1873 2334 1922 ‘In
2358 1873 2472 1922 foro
2498 1888 2583 1923 ex-

1518 1946 1769 1996 cubuerat
1795 1947 1829 1997 :⁹
1887 1951 1980 1998 sed
2038 1955 2196 1999 vocat
2260 1949 2582 2001 Corbionem.

1518 2021 1670 2071 Anne
1707 2024 1866 2086 igitur
1900 2024 2057 2074 scrib.
2098 2025 2335 2074 Hortalus
2369 2021 2540 2074 Corbio
2562 2022 2589 2076 2²

1520 2112 1586 2146 an
1611 2107 1878 2163 corrupta
1899 2111 1960 2149 ea
1998 2115 2117 2161 vox,
2149 2101 2586 2150 substituendum·

1519 2187 1640 2235 que,
1681 2169 1921 2225 Ortalus?
1955 2177 2173 2225 alterum
2207 2181 2350 2225 certe
2383 2175 2581 2226 horum.

1517 2248 1789 2312 Principio
1829 2251 1988 2300 etiam
2014 2251 2307 2301 Valerianae
2331 2252 2584 2302 narratio-

1520 2325 1598 2374 nis
1621 2328 1857 2390 emendo‚
1885 2327 1941 2376 in
1974 2329 2180 2378 maximo
2200 2333 2247 2380 et
2284 2329 2582 2390 ingenim-mn

1517 2404 1566 2450 et
1581 2402 1755 2451 civium
1776 2405 2170 2467 amplissimorum
2187 2410 2432 2467 proventu.
2482 2404 2578 2452 Fa-

1518 2476 1604 2525 cio
1636 2477 1871 2540 judicem
1913 2486 2146 2530 nostrum
2191 2481 2449 2544 Figulum,
2495 2482 2580 2531 cui

1516 2553 1746 2616 scriptor
1786 2555 1870 2603 hic
1912 2570 2017 2604 non
2061 2555 2365 2604 medicinam
2404 2556 2581 2619 debet,

1518 2628 1612 2677 sed
1639 2627 1813 2678 vitam.
1879 2629 1982 2679 Sed
2007 2630 2091 2680 hic
2114 2632 2332 2681 Ortalus
2354 2632 2581 2681 Horten·

1516 2706 1578 2754 sii
1595 2719 1775 2769 nepos,
1793 2708 2038 2772 numquid
2060 2723 2123 2757 ex
2143 2707 2286 2757 filio?
2309 2708 2576 2772 Apparet:

1514 2793 1633 2832 nam
1656 2791 1712 2832 et
1733 2785 1973 2834 Valerius
2008 2785 2204 2834 diserte
2243 2786 2579 2835 Hortensium

1515 2874 1633 2908 eum
1662 2861 1909 2924 appellat.
1974 2861 2220 2911 Attamen
2243 2861 2377 2910 filins
2406 2861 2577 2925 magni

1514 2935 1653 2985 illius
1677 2937 1936 2998 Oratoris,
1978 2937 2115 2987 bello
2154 2939 2295 2986 civili
2327 2938 2578 2986 Brutiano

1514 3011 1692 3075 periit,
1733 3019 2063 3074 praemature.
2145 3013 2403 3060 Velleius:
2440 3017 2455 3040 ⁴
2481 3013 2581 3060 Ea-

1516 3085 1635 3135 dem
1673 3087 1942 3136 Lucullum
1977 3087 2419 3150 Hortensiumque
2457 3087 2578 3135 emi-

1514 3160 1930 3211 nentissimorum
1969 3161 2190 3210 virorum
2224 3161 2351 3209 tilios
2373 3159 2581 3211 fortuna

1516 3238 1772 3288 abstulit?
1836 3237 1939 3287 Sed
1988 3238 2169 3287 debuit
2222 3238 2424 3288 scilicet
2466 3239 2578 3301 jam

1517 3319 1642 3363 tnnc
1685 3315 1882 3377 prolem
1922 3314 2130 3378 sevisse,
2156 3321 2210 3363 et
2235 3315 2503 3378 reliquisse
2523 3316 2579 3364 in

1518 3389 1658 3438 urbe.
1685 3449 1690 3456 ι
1726 3390 1919 3440 Catulli
1951 3392 2136 3454 Elegia
2175 3405 2290 3455 quae
2322 3391 2387 3438 ad
2424 3391 2579 3440 Orta-

1514 3464 1622 3513 lum
1645 3470 1764 3514 est:
1807 3479 1993 3514 censeo
2026 3480 2142 3514 eam
2176 3479 2287 3514 esse
2321 3465 2386 3514 ad
2425 3466 2578 3530 hujus

1517 3555 1687 3592 avum.
1743 3541 1950 3603 Lipsius.

1582 3617 1788 3667 Inlectm
1808 3633 1839 3666 α
1861 3619 1988 3668 Divo
2008 3617 2247 3682 Augusto]
2283 3619 2411 3668 Cum
2439 3618 2578 3667 vide·

1514 3694 1643 3742 licet
1675 3701 1872 3755 ageret,
1908 3701 1967 3742 ut
1989 3694 2241 3744 credibile
2265 3703 2364 3756 est,
2384 3694 2449 3744 de
2480 3696 2578 3744 tol-

1513 3770 1670 3818 lendo
1689 3769 1949 3819 coelibatu.
2015 3771 2150 3820 Vide
2173 3771 2330 3820 Dion.
2351 3772 2443 3820 lib.
2465 3785 2577 3821 LVI.

1514 3846 1569 3895 in
1599 3846 1891 3910 principi03
1934 3863 2052 3897 nam
2087 3847 2140 3897 id
2164 3848 2360 3897 curavit
2385 3847 2577 3898 studio-

1515 3922 1726 3972 sissime.
1777 3923 2019 3971 Aurelius.

1605 3997 1781 4047 Decies
1821 3999 1894 4048 H.
1935 3997 2015 4060 S.]
2074 4000 2206 4049 Sunt
2260 3999 2357 4047 ista
2402 3997 2579 4060 viginti

1514 4076 1720 4138 quinque
1743 4075 1894 4124 mima
1915 4077 2251 4139 philippicum.
2309 4075 2527 4137 Lipsius.

1582 4152 1752 4200 Decies
1770 4151 2063 4213 sestertium]
2119 4149 2476 4199 Liberalitatem
2497 4149 2577 4198 de·

1516 4227 1610 4276 cies
1623 4228 1830 4277 sestertii
1848 4226 2094 4276 dicebant
2115 4235 2335 4287 veteres,
2350 4230 2404 4272 ct
2417 4224 2576 4288 scrip-

1514 4305 1583 4353 sit
1618 4304 1752 4353 haud
1805 4303 1960 4352 dubie
1991 4303 2201 4353 Tacitus
2220 4316 2236 4362 ς
2269 4313 2373 4350 non
2409 4305 2576 4351 sester-

1513 4381 1653 4434 tium.
1704 4377 2015 4431 Gronovius·
2451 4387 2460 4394 ·
2577 4385 2582 4390 ·
