3050 4867
817 369 977 418 mn.
1022 372 1105 420 u.
1154 374 1318 426 on.
1360 359 1467 424 54.
1515 351 1957 428 Anniana.

248 505 488 556 adulatio
535 506 808 559 haberet.'
902 513 1123 564 Quando
1180 522 1352 567 autem

250 583 366 633 baec
405 584 534 648 plus
575 584 742 635 habet
786 585 1140 651 dignationis?
1196 591 1351 641 Haud

258 662 419 716 dubie
444 670 579 714 tunc
599 665 851 729 maxime,
875 683 994 717 cum
1016 669 1353 720 laudatissimi

264 739 783 805 celebratissimique
822 751 946 793 sunt
981 745 1072 807 illi,
1107 761 1137 794 a
1168 747 1352 811 quibus

270 814 629 878 quaesitissimi
646 817 903 880 ejusmodi
923 819 1137 870 honores
1152 823 1207 870 in
1224 822 1352 872 aiios

272 889 635 940 conseruntur.
686 893 973 944 Pulchrum
994 905 1073 947 est
1091 912 1124 947 a
1143 898 1352 948 laudato

273 965 497 1016 landari.
564 968 735 1018 Tanto
757 970 924 1034 major
947 972 1167 1023 collatus
1192 974 1355 1023 honor

279 1050 375 1105 est,
393 1053 594 1108 quanto
616 1045 677 1107 is,
712 1047 801 1110 qui
824 1047 1051 1110 confert,
1082 1050 1249 1113 major
1269 1052 1354 1101 ha-

278 1117 452 1169 betur.
520 1121 899 1186 Intelligebant
922 1125 974 1174 id
993 1125 1353 1178 Athenienses.

282 1194 385 1244 Sed
423 1203 481 1245 et
516 1198 871 1248 necessarium
914 1200 1211 1265 censebant,
1254 1204 1355 1252 Ro-

282 1271 447 1321 manis
486 1272 543 1321 in
584 1287 816 1335 praesens
859 1275 1093 1340 despecti
1140 1285 1197 1329 et
1237 1295 1358 1329 con-

286 1348 497 1412 tempti.
568 1347 886 1400 Refer-antur
908 1353 1029 1414 buc,
1060 1360 1116 1403 et
1136 1368 1253 1403 cum
1276 1356 1355 1405 his

285 1424 695 1488 contendantur,
738 1442 855 1491 quae
903 1429 1054 1493 paulo
1106 1437 1226 1495 post
1280 1446 1359 1481 se-

286 1508 553 1566 quuntur:
608 1503 679 1552 At
720 1504 810 1552 Cu.
854 1505 987 1565 Piso,
1023 1508 1105 1569 &a
1170 1507 1356 1573 Itaque

286 1583 473 1627 vetera
503 1592 711 1627 suorum
748 1575 894 1629 facta
928 1581 1184 1647 dictaque,
1219 1583 1359 1633 inter

287 1654 410 1717 alia,
435 1655 740 1716 praetulere,
776 1669 841 1704 ex
867 1656 1067 1720 quibus,
1101 1658 1359 1722 nimirum,

289 1736 576 1792 constaret,
614 1739 809 1795 quanta
846 1730 1053 1794 finisset,
1081 1735 1165 1782 vel
1200 1735 1357 1784 etiam

290 1812 618 1872 quantopere
640 1821 777 1856 nunc
817 1808 1119 1862 oestimauda
1139 1816 1278 1858 esset
1299 1824 1359 1859 ea

286 1882 525 1947 respubl.
563 1897 681 1948 quae
724 1890 901 1933 tamen
941 1890 1085 1934 tanta
1122 1891 1359 1935 veterum

285 1961 498 2024 ducum,
536 1976 728 2023 rerum,
781 1962 1218 2027 consiliorumque
1255 1964 1361 2026 glo·

290 2038 370 2088 ria
416 2044 575 2102 atque
622 2037 980 2102 magnitudine
1029 2038 1362 2102 circumfusa,

291 2114 431 2163 iuter
450 2114 678 2162 omnium
699 2115 927 2164 maxima
941 2122 996 2164 et
1013 2116 1365 2180 antiquissima

293 2205 433 2241 nunc
476 2190 716 2254 haberet,
748 2199 1062 2254 praesentem
1099 2192 1365 2242 Germani·

290 2281 432 2330 eum,
469 2267 778 2318 nobilissimi
817 2268 1102 2331 sanguinis,
1138 2269 1365 2319 celebra-

291 2342 617 2405 tissimaeqne
675 2342 891 2392 virtutis
934 2342 1233 2405 Principem
1287 2343 1363 2391 in-

293 2418 450 2468 tueri.
522 2418 678 2466 Facta
699 2425 757 2466 et
784 2420 916 2470 dicta
952 2416 1064 2468 fere
1103 2420 1250 2482 quasi
1283 2434 1363 2468 so-

290 2493 433 2542 lenni
454 2492 697 2556 formula,
726 2494 1133 2557 conjunguntur,
1155 2508 1272 2544 cum
1295 2495 1363 2544 de

290 2568 355 2617 iis
389 2583 561 2617 sermo
597 2575 698 2630 est,
737 2568 825 2633 qui
863 2583 1029 2632 remp.
1068 2576 1366 2619 tenuerunt.

294 2644 449 2694 Pacta
489 2649 630 2707 sunt,
676 2658 759 2692 res
798 2645 955 2708 ipsae3
1002 2645 1131 2694 dicta
1171 2653 1366 2709 autem,

296 2718 533 2780 consilia,
565 2719 861 2782 sementim,
899 2720 1258 2782 auctoritates„
1291 2726 1367 2769 at-

297 2809 401 2860 que
424 2795 679 2859 ejusmodi
704 2795 822 2858 alia,
854 2809 971 2859 quae
1002 2794 1142 2845 facta
1164 2805 1368 2846 antece-

297 2871 447 2923 dunt.
533 2873 612 2921 M.
650 2872 894 2922 Valerius
932 2873 1186 2922 Corvinus
1229 2871 1368 2936 apud

298 2946 505 2996 Livium
530 2948 566 2996 l.
593 2961 691 2997 vn.
728 2951 742 2976 ‘
773 2947 930 3000 Quod
966 2963 1138 2997 meum
1170 2947 1369 2998 factum

299 3023 563 3074 dictumve
586 3025 826 3074 Consulis
850 3025 1072 3087 gravius,
1103 3039 1255 3089 quam
1282 3025 1368 3073 tri·

298 3099 427 3149 buni
448 3099 711 3150 audistis?
743 3101 869 3164 lpse
891 3102 1109 3151 Tacitus
1142 3102 1195 3150 in
1218 3099 1369 3164 Agri·

301 3177 447 3236 cola3
481 3179 496 3205 ‘
526 3178 588 3226 kd
607 3177 726 3227 filim
746 3193 951 3244 quoque
968 3179 1219 3243 uxorique
1237 3192 1370 3241 prae-

301 3254 549 3317 ceperim‚
611 3261 669 3302 ut
710 3256 884 3303 omnia
927 3253 1073 3304 facta
1126 3254 1369 3317 dictaque

301 3327 415 3392 ejus
436 3343 615 3379 secum
631 3330 939 3380 revolvantss
970 3329 1109 3380 Anii.
1133 3345 1211 3380 xv.
1232 3331 1248 3357 ‘
1263 3329 1370 3380 fac-

302 3411 357 3453 ta
379 3405 626 3469 dictaque
647 3404 908 3470 Augusti,'
932 3406 1199 3470 conjungit
1219 3405 1369 3455 Tibe·

302 3479 409 3529 rius
431 3494 496 3529 ea
516 3481 768 3544 oratione,
788 3495 894 3545 qua
915 3488 1120 3530 recusat
1141 3481 1371 3530 oblatum

303 3555 368 3605 ab
393 3555 645 3620 Hispanis
669 3556 854 3619 templi
873 3556 1130 3606 honorem.
1176 3557 1371 3607 Histor-

303 3645 389 3682 ιιι.
430 3631 498 3681 de
540 3630 768 3681 Antonio
809 3630 1018 3681 Primo:
1075 3631 1091 3659 ‘
1116 3631 1373 3681 Omnibus

304 3706 461 3756 dictis
499 3707 757 3771 factisque
790 3707 924 3755 viam
958 3706 1055 3757 sibi
1095 3709 1160 3757 ad
1195 3714 1372 3771 poten-

304 3783 428 3836 tiam
453 3781 695 3833 struere!
766 3782 918 3831 Dicta
937 3789 1055 3831 sunt
1079 3782 1371 3844 seutentiae,

306 3860 538 3923 consilia,
554 3875 668 3925 quae
694 3858 739 3907 si
760 3858 1031 3921 magnifica
1053 3865 1191 3921 sunt,
1213 3858 1373 3907 etiam

306 3934 373 3985 ab
390 3943 577 3984 eventu
600 3935 880 3996 destituta,
894 3948 993 3982 non
1012 3935 1176 3984 minus
1195 3933 1374 3999 digna-

308 4010 459 4060 tionis
480 4011 694 4074 habent,
716 4019 774 4059 et
794 4008 1067 4060 conferunt
1086 4012 1204 4074 suis,
1221 4026 1374 4075 quam

306 4089 424 4153 ipsa
460 4088 631 4146 facta„
708 4089 891 4137 Quare
928 4088 1082 4135 etiam
1123 4103 1154 4136 a
1199 4086 1376 4149 factis,

306 4165 399 4216 hac
435 4165 682 4232 loquendi
724 4163 932 4213 ratione
972 4163 1376 4227 distinguuntur.

304 4241 485 4309 Neque
501 4241 717 4307 publica
727 4241 865 4290 dictu
882 4240 1045 4289 minus
1064 4239 1378 4305 quamsacta,

299 4318 585 4376 Annalium
607 4316 1071 4381 laudationumque
1092 4322 1212 4368 sunt
1231 4330 1380 4381 argu·

2319 360 2494 428 3853

1427 524 1657 570 mentum
1675 540 1690 582 3
1724 527 1799 583 et,
1818 521 2030 586 si,quod‘
2043 520 2490 587 jam=dixi,erecta

1426 597 1533 646 sint
1566 612 1630 647 ac
1668 599 1895 662 heroica,
1949 598 2085 650 haud
2123 598 2289 649 minus
2334 615 2490 664 quam

1426 672 1586 738 facta,
1603 675 1656 724 in
1674 681 1941 725 auctorum
1959 681 2015 725 et
2031 690 2255 739 rerump.
2274 676 2491 739 gloriam

1429 748 1642 799 cedunt.
1709 750 1885 800 Possis
1908 750 2063 799 etiam
2087 752 2237 815 dictu,
2269 750 2493 815 imperia

1428 826 1779 890 interpretari.
1865 827 1942 875 Ut
1981 827 2138 876 dicere
2186 842 2326 891 saepe
2368 829 2493 878 nihil

1428 901 1567 950 aliud
1590 902 1848 965 designat,
1862 916 2011 966 quam
2027 902 2283 967 imperare
2302 920 2315 952 ι
2352 903 2494 954 unde

1430 975 1611 1024 Edicto
1649 982 1706 1025 et
1750 977 2054 1026 Dictator-am
2112 991 2316 1028 nomen.
2405 979 2493 1029 Ita

1427 1050 1558 1100 dieta
1575 1050 1784 1115 accepit
1796 1053 2009 1102 Tacitus
2028 1052 2123 1102 sub
2137 1053 2337 1104 initium
2359 1053 2494 1105 Anu.

1428 1139 1506 1174 vr.
1565 1127 1581 1153 ‘
1607 1125 1745 1177 Quid
1780 1125 1857 1175 illi
1897 1142 2016 1176 cum
2056 1127 2335 1178 militibus?
2369 1143 2494 1193 quos

1427 1215 1597 1264 neque
1639 1201 1779 1251 dicta
1809 1216 1978 1268 neque
2012 1203 2223 1267 praemia
2253 1204 2494 1266 accipere

1430 1277 1529 1325 nisi
1565 1277 1632 1326 ab
1667 1278 1987 1342 imperatore
2025 1294 2118 1343 par
2151 1280 2327 1329 esset?
2391 1279 2496 1331 An-

1428 1352 1545 1401 nius
1561 1353 1789 1417 Setinus,
1802 1354 2008 1405 Praetor
2019 1355 2341 1419 Latinorum,
2357 1358 2497 1421 apud

1431 1428 1542 1478 Liv.
1579 1430 1613 1478 l.
1636 1443 1760 1478 vm.
1793 1430 1971 1482 §Quid
2005 1432 2168 1495 abest,
2202 1434 2342 1497 quin,
2378 1447 2496 1495 pro·

1431 1504 1528 1554 diti
1545 1505 1809 1565 Sidicinis,
1825 1522 1925 1557 non
1947 1507 2296 1559 Romanorum
2315 1509 2498 1573 solum,

1431 1583 1525 1631 sed
1560 1583 1867 1634 Samnitium
1902 1600 2108 1650 quoque
2141 1587 2284 1636 dicto
2320 1601 2500 1650 parea·

1433 1659 1595 1708 mus?
1661 1661 1747 1709 De
1770 1660 1851 1709 his
1875 1663 2025 1724 plura
2063 1660 2187 1712 mibi
2224 1661 2403 1711 dicere
2439 1662 2499 1711 li·

1433 1743 1599 1798 ceret,
1636 1737 1734 1785 nisi
1767 1750 1948 1786 manus
1986 1736 2224 1799 injiceret
2256 1751 2498 1800 compen-

1432 1813 1572 1862 dium
1619 1812 1793 1876 hujus,
1833 1812 1969 1877 quod
2008 1812 2120 1875 jam
2165 1813 2502 1876 excessimus,

1426 1889 1599 1938 nostri
1637 1888 1888 1938 instituti.
1947 1888 2111 1937 videt
2147 1888 2367 1952 quisque
2404 1889 2500 1938 Ta·

1433 1964 1529 2015 citi
1574 1972 1820 2029 mentem,
1863 1971 1919 2015 et
1960 1979 2074 2026 cur,
2150 1979 2178 2013 c
2221 1964 2498 2029 quomodo,

1435 2047 1671 2090 veterum
1691 2041 2082 2090 Atheniensium
2142 2046 2248 2090 actu
2285 2041 2501 2103 dictuque

1435 2116 1489 2164 in
1510 2116 1738 2166 medium
1771 2117 1946 2181 allata,
1981 2116 2046 2165 ad
2080 2117 2172 2166 hos
2202 2115 2504 2180 quaesitissi-

1435 2205 1564 2254 mos,
1621 2192 1934 2242 Germanico
1989 2192 2209 2255 delatos,
2264 2193 2502 2256 honores,

1436 2267 1712 2330 plurimum
1729 2268 2002 2318 attulerint
2017 2267 2350 2332 dignationis.
2395 2267 2443 2316 N
2450 2281 2502 2317 e·

1436 2357 1540 2407 que
1567 2343 1679 2407 jam
1712 2357 1923 2393 necesse
1957 2350 2056 2406 est,
2088 2357 2265 2396 conum
2299 2343 2502 2406 conjec-

1438 2423 1580 2467 turas
1601 2416 1861 2481 refellere,
1901 2418 1986 2483 qui
2018 2419 2154 2468 hunc
2188 2418 2357 2468 locum
2392 2434 2503 2468 mu-

1437 2499 1551 2543 tare
1571 2499 1694 2544 sunt
1715 2494 1962 2557 aggressi.
1992 2494 2311 2545 Boshoruius.

1504 2571 1640 2620 CAP.
1662 2574 1745 2619 54.
1785 2569 2066 2619 Transmisit
2104 2568 2327 2631 Lesbum]
2378 2568 2505 2622 Qui-

1439 2644 1557 2695 dam
1581 2646 1983 2709 interpretatur,
2016 2652 2400 2709 praetervectus
2420 2651 2504 2694 est

1438 2723 1681 2785 Lesbum,
1732 2720 1868 2786 quod
1904 2735 2086 2770 verum
2119 2721 2314 2784 potiuS,
2344 2734 2501 2784 quam

1443 2798 1631 2848 Latino
1654 2798 1813 2848 verbo
1835 2799 2194 2856 transmittendi
2216 2804 2403 2847 exacte
2428 2811 2506 2845 re·

1441 2872 1721 2937 spondens,
1761 2873 2001 2923 arbitror.
2069 2874 2205 2923 Nam
2240 2873 2506 2922 transmisit

1440 2948 1668 3017 Lesbum,
1694 2950 1853 3014 valet,
1890 2948 1957 2998 ab
1997 2950 2197 2998 Euboea
2220 2949 2431 3012 trajecit
2453 2950 2508 2997 in

1439 3024 1694 3074 Lesbum:
1731 3026 1807 3073 uti
1828 3039 2001 3087 supra,
2025 3038 2063 3073 1.
2087 3030 2137 3073 5.
2173 3027 2188 3052 ‘
2213 3024 2508 3073 Planasiam

1442 3099 1680 3163 vectum:
1701 3114 1793 3163 pro
1819 3100 1871 3148 in
1895 3099 2207 3148 Planasiam.
2245 3099 2466 3148 freinsh-
2491 3136 2502 3146 .

1507 3176 1720 3226 Inter-uis
1750 3173 2105 3236 certaminibus,
2139 3179 2223 3224 aut
2259 3173 2512 3235 magistra·

1441 3256 1575 3302 mum
1592 3250 1808 3314 injuriis]
1842 3252 2032 3300 Cicero
2057 3250 2121 3298 ad
2143 3252 2208 3301 Q.
2230 3250 2317 3298 Fr.
2337 3249 2510 3313 Epist,

1444 3341 1483 3377 1.
1505 3333 1554 3376 8.
1588 3331 1602 3355 ‘
1629 3326 1788 3391 Cujus
1804 3325 2009 3390 quidem
2028 3326 2250 3389 generis,
2268 3334 2509 3375 constare

1444 3404 1583 3462 iuter
1622 3418 1797 3452 omnes
1836 3402 2005 3465 video,
2043 3401 2132 3450 abs
2171 3409 2222 3450 te
2265 3415 2510 3451 summam

1444 3478 1681 3529 adbiberi
1701 3478 2046 3541 diligentiam,
2074 3478 2269 3526 nullum
2293 3493 2364 3527 aes
2389 3476 2512 3526 alie·

1445 3569 1566 3604 num
1584 3569 1772 3603 novum
1796 3555 2034 3603 contrabi
2059 3552 2386 3603 civitatibus:
2428 3567 2514 3602 ve·

1448 3637 1560 3680 tere
1601 3637 1777 3680 autem
1817 3644 2025 3694 magno,
2058 3635 2114 3678 et
2149 3630 2292 3692 gravi
2331 3629 2517 3679 multas

1448 3706 1611 3756 abste
1649 3720 1763 3754 esse
1803 3705 2046 3756 liberatas
2081 3705 2259 3767 urbes,
2289 3705 2519 3768 complu·

1446 3782 1549 3830 reis
1595 3779 1816 3842 dirutaS,
1856 3794 1917 3829 ac
1964 3794 2115 3843 poene
2156 3779 2414 3845 desertas,
2463 3782 2516 3829 in

1448 3859 1636 3925 quibus
1660 3873 1811 3907 unam
1837 3859 1997 3908 Ioniae
2022 3858 2408 3919 nobilissimam,
2448 3857 2521 3906 al-

1451 3942 1616 3984 teram
1642 3932 1832 3997 Cariae,
1868 3933 2077 3982 Samum
2119 3941 2174 3981 et
2198 3933 2521 3982 Halicarnas-

1449 4026 1690 4076 sum,per
1713 4016 1765 4060 te
1784 4026 1894 4061 esse
1918 4017 2206 4060 recreatas:
2232 4010 2396 4058 nullas
2415 4008 2518 4056 dis·

1450 4089 1686 4139 cordias:
1723 4087 1987 4152 provideri
2005 4087 2096 4136 abs
2117 4094 2258 4147 te,ut
2275 4085 2518 4135 civitates

1450 4166 1764 4229 optimatum
1800 4163 2026 4212 consiliis
2057 4161 2517 4211 administrentur:

1450 4241 1656 4292 sublata
1723 4238 1912 4303 Mysiae
1969 4236 2279 4287 latrocinia:
2347 4231 2518 4283 caedes

1451 4316 1632 4370 multis
1670 4315 1799 4366 locis
1836 4326 2130 4381 repressas:
2184 4322 2370 4376 pacem
2405 4312 2522 4360 tota
