3050 4867
675 468 756 518 m
810 464 1333 535 stssmp‘rnncis
1395 465 1589 513 narr.
1633 462 2179 514 sssnvuonuu.
2355 444 2529 513 ⁴54³?

416 611 501 685 In
552 610 732 680 Edit.
778 612 1028 689 Taciti,
1073 611 1370 695 Trajecti
1423 610 1507 674 ad
1558 609 1770 674 Rhen.
1811 610 2005 674 1721.
2047 610 2181 674 cito.
2237 611 2282 675 2
2309 611 2443 676 vol.
2488 629 2533 677 a

329 716 472 783 viro
531 715 916 780 doctissimo
976 713 1022 779 J
1028 732 1131 780 ac.
1180 712 1529 778 Gronovio
1593 713 1881 796 incepta,
1935 720 2025 789 et,
2080 722 2285 777 morte
2328 716 2530 778 'inter-

332 817 658 894 veniente,
703 816 843 882 filio
871 816 1019 900 ejus
1070 813 1316 878 Abrab.
1351 812 1700 878 Gronovio
1729 815 2063 891 absoluta,
2109 815 2538 900 subjiciuntur

330 921 536 985 variae
583 919 922 997 lectiones,
950 918 955 924 ’
983 936 1069 983 ex
1129 917 1257 980 hoc
1306 908 1540 981 codice
1585 914 1783 981 Bodl.
1830 918 2153 995 collectae,
2197 923 2264 981 et
2311 916 2540 982 forsan

330 1021 586 1098 lectori,
648 1021 707 1085 si
760 1019 1248 1103 comparaverit
1293 1038 1445 1102 quae
1492 1018 1637 1101 jam
1683 1018 1981 1082 diximus
2022 1018 2106 1083 de
2135 1012 2142 1017 ’
2171 1019 2304 1085 Ms-
2351 1017 2537 1085 Mus.

338 1122 596 1187 Britan.
619 1142 770 1187 cum
799 1123 882 1187 iis
902 1141 1057 1204 quae
1086 1120 1194 1184 hic
1224 1119 1356 1184 loci
1388 1119 1626 1183 damus
1651 1119 1736 1184 de
1765 1121 1909 1186 cod.
1937 1120 2159 1202 Bodl.‚
2185 1123 2541 1205 transcrip-

335 1230 445 1287 tos
473 1243 619 1288 esse
648 1244 734 1288 ex
764 1224 995 1289 eodem
1039 1219 1381 1308 πρωτοτῦπῳ
1431 1221 1637 1286 videri
1686 1224 1937 1307 possit:
1982 1224 2104 1288 sed
2134 1231 2207 1289 ut
2247 1224 2543 1290 locorum

335 1325 651 1390 distantia
695 1325 1012 1409 prohibet,
1060 1344 1197 1408 quo
1247 1326 1461 1388 minus
1517 1324 1835 1389 lectiones
1857 1328 2200 1410 utriusque
2251 1329 2422 1390 inter
2467 1344 2542 1392 se

337 1445 513 1492 nunc
562 1428 1004 1506 conseramuS,
1054 1427 1345 1510 quaestio
1386 1427 1852 1512 hujuscemodi
1910 1428 2062 1492 aliis
2119 1427 2543 1512 relinquenda

342 1535 465 1595 est.

429 1629 650 1695 Multa
689 1631 967 1714 legimns
996 1630 1177 1715 apud
1220 1628 1531 1695 Editor-es
1555 1629 1782 1696 Taciti
1827 1631 1910 1696 de
1939 1631 2089 1697 cod.
2128 1630 2272 1697 Jes.
2322 1630 2545 1698 Oxou.

341 1730 461 1796 sed
481 1733 676 1795 nobis
697 1752 905 1816 nuper
926 1731 1104 1816 apud
1125 1729 1541 1796 oxonienses
1566 1735 2129 1815 peregrinantibus
2149 1754 2302 1798 eum
2321 1733 2547 1800 videre

339 1851 472 1897 non
495 1833 716 1897 datum
737 1840 863 1912 est,
890 1836 1137 1919 quippe
1165 1835 1610 1898 rusticabatur
1623 1834 2215 1901 Bibliothecarius:
2242 1838 2547 1901 absentes

341 1954 502 1999 vero
535 1935 915 2001 audivimus
964 1956 1083 2020 per
1138 1937 1502 2001 amicitiam
1541 1938 1838 2023 ejusdem
1870 1937 2392 2010 Bibliothecarii‚
2425 1937 2548 2003 viri

345 2035 515 2100 Rev.
543 2036 621 2101 C.
649 2036 764 2100 W.
795 2037 1140 2115 Blasfield,
1163 2038 1311 2105 cod.
1342 2035 1488 2102 Jes.
1517 2042 1585 2103 in
1615 2046 1758 2103 tuto
1786 2041 2146 2119 mansisse3
2181 2046 2251 2102 et
2273 2039 2550 2105 eohunc

345 2156 962 2215 commemoramuS,
1007 2141 1094 2203 ob
1119 2140 1449 2220 egregiam
1480 2139 1631 2205 cod.
1663 2139 1886 2204 Taciti
1918 2140 2339 2222 paucitatem.
2412 2138 2552 2205 Hic

346 2239 582 2317 codex,
601 2245 677 2303 ut
706 2241 1117 2323 accepimus»,
1146 2239 1456 2305 undecim
1484 2249 1740 2305 tantum
1766 2241 1989 2305 Taciti
2017 2243 2302 2305 continet
2323 2242 2550 2317 libros,

344 2341 673 2423 incipiens
709 2344 795 2406 ab
824 2343 1181 2407 undecimo
1238 2342 1407 2408 libro
1440 2341 1828 2420 Annalium,
1885 2349 1950 2406 et
1977 2343 2144 2405 serie
2173 2344 2556 2406 continuata

345 2460 645 2526 pergenS,
692 2444 979 2528 quinque
1018 2444 1226 2507 libros
1281 2443 1635 2520 Historiae,
1694 2449 1768 2507 ut
1810 2443 1984 2507 alius
2016 2442 2230 2507 codex
2262 2443 2404 2523 jam
2436 2442 2555 2507 de·

348 2544 661 2629 scriptus,
709 2546 1149 2629 amplectitur.
1236 2545 1399 2610 Sine
1430 2564 1607 2609 anno
1636 2545 1896 2608 etloco.

439 2648 715 2713 Nullum
742 2650 943 2713 alium
972 2649 1266 2714 Cornelii
1308 2650 1512 2713 nostri
1558 2647 1864 2712 codicem
1911 2647 2092 2731 apud
2137 2646 2556 2715 oxonienses

350 2748 736 2815 invenimus.
824 2750 920 2815 At
973 2752 1040 2815 in
1073 2747 1424 2815 Bodleiana
1471 2759 1630 2814 sunt
1677 2750 2200 2815 Observationes
2249 2749 2558 2817 Politicae

350 2853 588 2936 partim
621 2873 707 2917 ex
747 2852 1016 2929 Tacito,
1046 2855 1286 2938 partim
1313 2874 1401 2918 ex
1432 2854 1582 2918 aliis
1612 2854 1995 2918 auctoribus
2023 2855 2109 2917 ab
2150 2852 2398 2916 Isaaco
2428 2851 2561 2916 Ca·

354 2955 655 3019 saubnno
712 2956 1012 3021 colleotoe
1063 2962 1130 3020 et
1177 2976 1380 3022 manu
1438 2964 1763 3022 exaratae.
1855 2955 1996 3021 Hic
2053 2955 2221 3019 liber
2271 2956 2565 3019 continet

352 3056 615 3123 circiter
665 3076 782 3140 pp.
833 3057 984 3122 200.
1037 3059 1126 3122 ad
1175 3078 1314 3123 rem
1354 3059 1661 3122 bellicam
1707 3059 2123 3142 pertinentes.
2198 3055 2347 3119 Fol.
2440 3054 2566 3120 Est

358 3158 561 3222 etiam
589 3159 759 3222 inter
790 3154 1267 3222 D’Orvillianos
1293 3160 1460 3223 liber
1490 3161 1782 3243 scriptus
1813 3160 2095 3223 chartac.
2133 3178 2175 3224 a
2202 3158 2398 3221 nobis
2419 3159 2563 3243 jam

240 3288 251 3295 ·
352 3267 642 3339 notatus»,
698 3266 767 3325 et
823 3280 1009 3345 saepe
1058 3261 1414 3340 notandus,
1473 3265 1588 3345 qui
1645 3263 1715 3325 in
1792 3261 2113 3344 plurimos
2163 3261 2563 3342 scriptorum

348 3361 741 3427 Latinorum
780 3369 971 3428 notas
1006 3370 1075 3427 et
1102 3364 1327 3428 varias
1373 3364 1694 3427 lectiones
1721 3363 2029 3427 continet.
2118 3359 2449 3440 Quaedam
2475 3358 2564 3427 dc

351 3463 597 3529 Tacito
638 3463 790 3550 (pp.
826 3462 988 3549 m),
1032 3466 1503 3532 collationibus
1548 3464 1637 3529 ad
1680 3464 1839 3529 edit.
1893 3463 2307 3529 Francofurt.
2365 3463 2560 3529 1607.

356 3565 583 3646 factis,
627 3568 1036 3652 suppeditat.

1349 3766 1566 3819 NO'PAE

356 3888 505 3937 1708.
544 3901 596 3953 p.
621 3890 903 3938 208—801.
973 3888 1172 3940 Harum
1213 3890 1425 3955 Episto·
1501 3904 1558 3941 se
1581 3889 1834 3954 reperisse
1856 3889 1995 3939 illam
2018 3903 2051 3939 s
2072 3893 2312 3940 notator-e
2345 3884 2568 3951 quodam

353 3962 519 4013 lsnun
542 3971 719 4013 nostra
740 3971 815 4013 est
840 3966 1117 4028 posterior,
1139 3965 1207 4015 de
1229 3981 1331 4030 qua
1347 3966 1422 4017 sic
1503 3967 1556 4016 in
1602 3966 1814 4031 antiqua
1846 3966 2036 4030 pagina
2076 3980 2190 4015 cum
2232 3964 2346 4013 aliis
2385 3968 2570 4012 notatu

357 4040 663 4091 Fabricius-z
696 4042 712 4069 ‘
740 4042 891 4092 Hanc
918 4044 1202 4107 Epistulam
1225 4045 1422 4107 primus
1503 4042 1674 4106 dignis
1712 4043 1830 4092 hinc
1860 4042 1980 4092 inde
2003 4041 2287 4104 excerptis,
2322 4038 2571 4102 scriptam

358 4118 500 4182 quod
538 4119 697 4168 sciam
738 4119 971 4182 vulgavit
1013 4121 1338 4170 Florentium
1371 4122 1423 4169 in
1505 4118 1704 4168 circum
1772 4133 1819 4168 a.
1878 4118 2042 4169 uso!
2148 4119 2338 4167 Noster
2405 4114 2572 4165 codex

361 4194 798 4260 martyrologium
842 4196 1094 4246 vetustius
1138 4196 1425 4246 Romanum
1505 4194 1871 4263 (Bodleianus)
1909 4196 2051 4245 circs
2073 4193 2212 4245 idem
2245 4198 2449 4257 tempus
2468 4188 2573 4239 for·

361 4269 472 4320 sive
488 4270 952 4335 Hieronymiauum
978 4275 1130 4323 Luce
1156 4273 1353 4325 editum
1376 4288 1430 4324 a.
1508 4269 1844 4337 annuerimus
1860 4268 1981 4323 fuit.

363 4347 510 4398 1068.
560 4347 675 4399 rol.
715 4362 767 4413 p.
790 4353 903 4402 118.
967 4351 1213 4402 Testatur
1252 4357 1428 4402 sutem
