<?xml version="1.0" encoding="UTF-8"?>
<!DOCTYPE html PUBLIC "-//W3C//DTD XHTML 1.0 Transitional//EN"
    "http://www.w3.org/TR/xhtml1/DTD/xhtml1-transitional.dtd">
<html xmlns="http://www.w3.org/1999/xhtml" xml:lang="en" lang="en">
 <head>
  <title>
</title>
<meta http-equiv="Content-Type" content="text/html;charset=utf-8" />
  <meta name='ocr-system' content='tesseract 3.04.00' />
  <meta name='ocr-capabilities' content='ocr_page ocr_carea ocr_par ocr_line ocrx_word'/>
</head>
<body>
  <div class='ocr_page' id='page_1' title='image "./operaomnia07tacigoog_0518.png"; bbox 0 0 3050 4867; ppageno 0'>
   <div class='ocr_carea' id='block_1_1' title="bbox 497 411 1569 651">
    <p class='ocr_par' dir='ltr' id='par_1_1' title="bbox 497 411 1569 651">
     <span class='ocr_line' id='line_1_1' title="bbox 497 411 671 484; baseline -0.023 1"><span class='ocrx_word' id='word_1_1' title='bbox 497 411 671 484; x_wconf 71' lang='lat'>4278</span> 
     </span>
     <span class='ocr_line' id='line_1_2' title="bbox 497 586 1569 651; baseline 0.005 -16"><span class='ocrx_word' id='word_1_2' title='bbox 497 587 749 648; x_wconf 63' lang='lat' dir='ltr'>flavimus,</span> <span class='ocrx_word' id='word_1_3' title='bbox 795 586 916 649; x_wconf 60' lang='lat' dir='ltr'>Eius</span> <span class='ocrx_word' id='word_1_4' title='bbox 955 599 1007 637; x_wconf 83' lang='lat' dir='ltr'>se</span> <span class='ocrx_word' id='word_1_5' title='bbox 1048 589 1331 651; x_wconf 70' lang='lat' dir='ltr'>magistrun·</span> <span class='ocrx_word' id='word_1_6' title='bbox 1356 588 1569 650; x_wconf 78' lang='lat' dir='ltr'>ferebat.</span> 
     </span>
    </p>
   </div>
   <div class='ocr_carea' id='block_1_2' title="bbox 477 666 1587 4300">
    <p class='ocr_par' dir='ltr' id='par_1_2' title="bbox 477 666 1587 4300">
     <span class='ocr_line' id='line_1_3' title="bbox 503 666 1571 730; baseline -0.002 -12"><span class='ocrx_word' id='word_1_7' title='bbox 503 668 736 718; x_wconf 77' lang='lat' dir='ltr'>Rbenan.</span> <span class='ocrx_word' id='word_1_8' title='bbox 786 666 948 730; x_wconf 83' lang='lat' dir='ltr'>Lipsii</span> <span class='ocrx_word' id='word_1_9' title='bbox 970 667 1275 730; x_wconf 86' lang='lat' dir='ltr'>conjectura</span> <span class='ocrx_word' id='word_1_10' title='bbox 1293 666 1422 715; x_wconf 90' lang='lat' dir='ltr'>adeo</span> <span class='ocrx_word' id='word_1_11' title='bbox 1445 667 1571 716; x_wconf 83' lang='lat' dir='ltr'>mihi</span> 
     </span>
     <span class='ocr_line' id='line_1_4' title="bbox 497 744 1571 807; baseline -0.001 -14"><span class='ocrx_word' id='word_1_12' title='bbox 497 751 670 807; x_wconf 79' lang='lat' dir='ltr'>certa,</span> <span class='ocrx_word' id='word_1_13' title='bbox 707 752 767 793; x_wconf 86' lang='lat' dir='ltr'>ut</span> <span class='ocrx_word' id='word_1_14' title='bbox 788 757 903 792; x_wconf 90' lang='lat' dir='ltr'>eam</span> <span class='ocrx_word' id='word_1_15' title='bbox 926 744 1163 806; x_wconf 88' lang='lat' dir='ltr'>recipere</span> <span class='ocrx_word' id='word_1_16' title='bbox 1196 757 1261 792; x_wconf 90' lang='lat' dir='ltr'>ne</span> <span class='ocrx_word' id='word_1_17' title='bbox 1305 744 1571 793; x_wconf 87' lang='lat' dir='ltr'>minimum</span> 
     </span>
     <span class='ocr_line' id='line_1_5' title="bbox 500 817 1572 885; baseline -0.001 -17"><span class='ocrx_word' id='word_1_18' title='bbox 500 819 711 885; x_wconf 85' lang='lat' dir='ltr'>quidem</span> <span class='ocrx_word' id='word_1_19' title='bbox 741 817 1105 869; x_wconf 73' lang='lat' dir='ltr'><strong>dubitaverim.</strong></span> <span class='ocrx_word' id='word_1_20' title='bbox 1171 820 1311 868; x_wconf 87' lang='lat' dir='ltr'>Nam</span> <span class='ocrx_word' id='word_1_21' title='bbox 1346 834 1465 869; x_wconf 86' lang='lat' dir='ltr'>cum</span> <span class='ocrx_word' id='word_1_22' title='bbox 1504 832 1572 869; x_wconf 82' lang='lat' dir='ltr'>ex</span> 
     </span>
     <span class='ocr_line' id='line_1_6' title="bbox 497 894 1572 958; baseline 0.001 -14"><span class='ocrx_word' id='word_1_23' title='bbox 497 895 715 945; x_wconf 77' lang='lat' dir='ltr'>historia</span> <span class='ocrx_word' id='word_1_24' title='bbox 758 896 953 944; x_wconf 87' lang='lat' dir='ltr'>clarum</span> <span class='ocrx_word' id='word_1_25' title='bbox 1002 896 1088 958; x_wconf 89' lang='lat' dir='ltr'>sit,</span> <span class='ocrx_word' id='word_1_26' title='bbox 1130 896 1366 946; x_wconf 80' lang='lat' dir='ltr'>Celerem</span> <span class='ocrx_word' id='word_1_27' title='bbox 1411 894 1572 945; x_wconf 84' lang='lat' dir='ltr'>fuisse</span> 
     </span>
     <span class='ocr_line' id='line_1_7' title="bbox 502 972 1571 1038; baseline 0 -16"><span class='ocrx_word' id='word_1_28' title='bbox 502 972 690 1022; x_wconf 74' lang='lat' dir='ltr'>Bareae</span> <span class='ocrx_word' id='word_1_29' title='bbox 711 972 1037 1036; x_wconf 77' lang='lat' dir='ltr'>magistrum,</span> <span class='ocrx_word' id='word_1_30' title='bbox 1059 987 1142 1023; x_wconf 87' lang='lat' dir='ltr'>res</span> <span class='ocrx_word' id='word_1_31' title='bbox 1166 973 1278 1037; x_wconf 88' lang='lat' dir='ltr'>ipsa</span> <span class='ocrx_word' id='word_1_32' title='bbox 1301 987 1400 1038; x_wconf 91' lang='lat' dir='ltr'>per</span> <span class='ocrx_word' id='word_1_33' title='bbox 1421 985 1477 1022; x_wconf 87' lang='lat' dir='ltr'>se</span> <span class='ocrx_word' id='word_1_34' title='bbox 1500 972 1571 1022; x_wconf 91' lang='lat' dir='ltr'>lo·</span> 
     </span>
     <span class='ocr_line' id='line_1_8' title="bbox 502 1048 1572 1115; baseline 0 -16"><span class='ocrx_word' id='word_1_35' title='bbox 502 1064 618 1099; x_wconf 88' lang='lat' dir='ltr'>cum</span> <span class='ocrx_word' id='word_1_36' title='bbox 642 1049 877 1112; x_wconf 74' lang='lat' dir='ltr'>corrigit,</span> <span class='ocrx_word' id='word_1_37' title='bbox 899 1064 995 1100; x_wconf 87' lang='lat' dir='ltr'>nec</span> <span class='ocrx_word' id='word_1_38' title='bbox 1033 1056 1132 1111; x_wconf 81' lang='lat' dir='ltr'>est,</span> <span class='ocrx_word' id='word_1_39' title='bbox 1160 1049 1295 1115; x_wconf 87' lang='lat' dir='ltr'>quod</span> <span class='ocrx_word' id='word_1_40' title='bbox 1333 1048 1572 1099; x_wconf 84' lang='lat' dir='ltr'>Tacitum</span> 
     </span>
     <span class='ocr_line' id='line_1_9' title="bbox 501 1123 1571 1188; baseline 0 -16"><span class='ocrx_word' id='word_1_41' title='bbox 501 1123 849 1188; x_wconf 77' lang='lat' dir='ltr'>philosophari</span> <span class='ocrx_word' id='word_1_42' title='bbox 904 1125 1196 1185; x_wconf 75' lang='lat' dir='ltr'>credamus,</span> <span class='ocrx_word' id='word_1_43' title='bbox 1268 1124 1571 1187; x_wconf 73' lang='lat' dir='ltr'>magistrum</span> 
     </span>
     <span class='ocr_line' id='line_1_10' title="bbox 501 1197 1574 1262; baseline 0 -13"><span class='ocrx_word' id='word_1_44' title='bbox 501 1199 746 1250; x_wconf 79' lang='lat' dir='ltr'>amicitiae</span> <span class='ocrx_word' id='word_1_45' title='bbox 818 1199 1178 1262; x_wconf 81' lang='lat' dir='ltr'>philosophum</span> <span class='ocrx_word' id='word_1_46' title='bbox 1243 1197 1574 1262; x_wconf 86' lang='lat' dir='ltr'>appellando.</span> 
     </span>
     <span class='ocr_line' id='line_1_11' title="bbox 503 1273 1575 1337; baseline 0 -14"><span class='ocrx_word' id='word_1_47' title='bbox 503 1275 733 1324; x_wconf 68' lang='lat' dir='ltr'>Pit-laena.</span> <span class='ocrx_word' id='word_1_48' title='bbox 785 1276 981 1323; x_wconf 75' lang='grc' dir='ltr'><strong>Γενικῦς</strong></span> <span class='ocrx_word' id='word_1_49' title='bbox 1002 1282 1061 1323; x_wconf 83' lang='grc' dir='ltr'>ιιι</span> <span class='ocrx_word' id='word_1_50' title='bbox 1087 1274 1434 1337; x_wconf 82' lang='lat' dir='ltr'>philosophus.</span> <span class='ocrx_word' id='word_1_51' title='bbox 1489 1273 1575 1323; x_wconf 85' lang='lat' dir='ltr'>In·</span> 
     </span>
     <span class='ocr_line' id='line_1_12' title="bbox 505 1349 1577 1410; baseline 0.001 -12"><span class='ocrx_word' id='word_1_52' title='bbox 505 1358 655 1410; x_wconf 78' lang='lat' dir='ltr'>tegra</span> <span class='ocrx_word' id='word_1_53' title='bbox 672 1358 809 1410; x_wconf 88' lang='lat' dir='ltr'>sunt,</span> <span class='ocrx_word' id='word_1_54' title='bbox 840 1363 937 1398; x_wconf 87' lang='lat' dir='ltr'>nec</span> <span class='ocrx_word' id='word_1_55' title='bbox 972 1349 1038 1398; x_wconf 90' lang='lat' dir='ltr'>de</span> <span class='ocrx_word' id='word_1_56' title='bbox 1077 1349 1160 1397; x_wconf 79' lang='lat' dir='ltr'>via</span> <span class='ocrx_word' id='word_1_57' title='bbox 1195 1349 1454 1399; x_wconf 81' lang='lat' dir='ltr'>decedere</span> <span class='ocrx_word' id='word_1_58' title='bbox 1489 1349 1577 1399; x_wconf 84' lang='lat' dir='ltr'>de-</span> 
     </span>
     <span class='ocr_line' id='line_1_13' title="bbox 504 1424 1576 1487; baseline -0.002 -12"><span class='ocrx_word' id='word_1_59' title='bbox 504 1426 632 1475; x_wconf 82' lang='lat' dir='ltr'>bent</span> <span class='ocrx_word' id='word_1_60' title='bbox 653 1425 967 1487; x_wconf 85' lang='lat' dir='ltr'>conjecturis</span> <span class='ocrx_word' id='word_1_61' title='bbox 991 1424 1276 1474; x_wconf 68' lang='lat' dir='ltr'>doctissimi</span> <span class='ocrx_word' id='word_1_62' title='bbox 1297 1424 1417 1474; x_wconf 84' lang='lat' dir='ltr'>viri.</span> <span class='ocrx_word' id='word_1_63' title='bbox 1453 1426 1576 1475; x_wconf 83' lang='lat' dir='ltr'>Non</span> 
     </span>
     <span class='ocr_line' id='line_1_14' title="bbox 505 1500 1576 1565; baseline 0 -16"><span class='ocrx_word' id='word_1_64' title='bbox 505 1501 694 1549; x_wconf 89' lang='lat' dir='ltr'>damno</span> <span class='ocrx_word' id='word_1_65' title='bbox 717 1506 891 1549; x_wconf 86' lang='lat' dir='ltr'>tamen</span> <span class='ocrx_word' id='word_1_66' title='bbox 914 1515 927 1548; x_wconf 71' lang='grc' dir='ltr'><strong><em>ε</em></strong></span> <span class='ocrx_word' id='word_1_67' title='bbox 979 1505 1227 1563; x_wconf 62' lang='lat' dir='ltr'>commta·</span> <span class='ocrx_word' id='word_1_68' title='bbox 1246 1500 1408 1565; x_wconf 73' lang='lat' dir='ltr'>antici,</span> <span class='ocrx_word' id='word_1_69' title='bbox 1429 1505 1476 1550; x_wconf 83' lang='lat' dir='ltr'>et</span> <span class='ocrx_word' id='word_1_70' title='bbox 1497 1515 1576 1549; x_wconf 76' lang='lat' dir='ltr'>cu-</span> 
     </span>
     <span class='ocr_line' id='line_1_15' title="bbox 493 1574 1578 1638; baseline 0 -14"><span class='ocrx_word' id='word_1_71' title='bbox 493 1574 582 1636; x_wconf 67' lang='lat' dir='ltr'>jus</span> <span class='ocrx_word' id='word_1_72' title='bbox 600 1590 651 1624; x_wconf 81' lang='lat' dir='ltr'>se</span> <span class='ocrx_word' id='word_1_73' title='bbox 671 1576 959 1638; x_wconf 70' lang='lat' dir='ltr'>mag-istrum</span> <span class='ocrx_word' id='word_1_74' title='bbox 982 1574 1174 1635; x_wconf 82' lang='lat' dir='ltr'>serebat</span> <span class='ocrx_word' id='word_1_75' title='bbox 1190 1592 1206 1623; x_wconf 85' lang='lat'>.-</span> <span class='ocrx_word' id='word_1_76' title='bbox 1254 1589 1369 1624; x_wconf 87' lang='lat' dir='ltr'>nam</span> <span class='ocrx_word' id='word_1_77' title='bbox 1396 1589 1578 1624; x_wconf 69' lang='lat' dir='ltr'>revera</span> 
     </span>
     <span class='ocr_line' id='line_1_16' title="bbox 510 1649 1579 1715; baseline 0 -14"><span class='ocrx_word' id='word_1_78' title='bbox 510 1653 664 1701; x_wconf 86' lang='lat' dir='ltr'>Celer</span> <span class='ocrx_word' id='word_1_79' title='bbox 687 1652 935 1715; x_wconf 77' lang='lat' dir='ltr'>magister</span> <span class='ocrx_word' id='word_1_80' title='bbox 954 1658 1071 1702; x_wconf 88' lang='lat' dir='ltr'>erat</span> <span class='ocrx_word' id='word_1_81' title='bbox 1091 1658 1146 1701; x_wconf 90' lang='lat' dir='ltr'>et</span> <span class='ocrx_word' id='word_1_82' title='bbox 1168 1651 1363 1702; x_wconf 88' lang='lat' dir='ltr'>amicus</span> <span class='ocrx_word' id='word_1_83' title='bbox 1374 1649 1579 1701; x_wconf 85' lang='lat' dir='ltr'>Sorani.</span> 
     </span>
     <span class='ocr_line' id='line_1_17' title="bbox 507 1724 1581 1782; baseline -0.004 -5"><span class='ocrx_word' id='word_1_84' title='bbox 507 1728 756 1782; x_wconf 74' lang='lat' dir='ltr'>Juvenal:</span> <span class='ocrx_word' id='word_1_85' title='bbox 770 1728 884 1777; x_wconf 87' lang='lat' dir='ltr'>Sat.</span> <span class='ocrx_word' id='word_1_86' title='bbox 912 1741 998 1777; x_wconf 91' lang='grc' dir='ltr'><strong>ιιι.</strong></span> <span class='ocrx_word' id='word_1_87' title='bbox 1062 1726 1167 1776; x_wconf 85' lang='lat' dir='ltr'>Sed</span> <span class='ocrx_word' id='word_1_88' title='bbox 1201 1740 1300 1775; x_wconf 88' lang='lat' dir='ltr'>nec</span> <span class='ocrx_word' id='word_1_89' title='bbox 1337 1724 1460 1774; x_wconf 91' lang='lat' dir='ltr'>alibi</span> <span class='ocrx_word' id='word_1_90' title='bbox 1487 1726 1581 1774; x_wconf 84' lang='lat' dir='ltr'>Ta-</span> 
     </span>
     <span class='ocr_line' id='line_1_18' title="bbox 506 1800 1578 1864; baseline -0.004 -12"><span class='ocrx_word' id='word_1_91' title='bbox 506 1802 641 1852; x_wconf 84' lang='lat' dir='ltr'>citus</span> <span class='ocrx_word' id='word_1_92' title='bbox 684 1817 802 1852; x_wconf 86' lang='lat' dir='ltr'>eum</span> <span class='ocrx_word' id='word_1_93' title='bbox 848 1801 1010 1851; x_wconf 84' lang='lat' dir='ltr'>fuisse</span> <span class='ocrx_word' id='word_1_94' title='bbox 1053 1801 1351 1864; x_wconf 74' lang='lat' dir='ltr'>magistrum</span> <span class='ocrx_word' id='word_1_95' title='bbox 1396 1800 1578 1850; x_wconf 85' lang='lat' dir='ltr'>Sorani</span> 
     </span>
     <span class='ocr_line' id='line_1_19' title="bbox 507 1877 1580 1930; baseline -0.002 -1"><span class='ocrx_word' id='word_1_96' title='bbox 507 1880 638 1930; x_wconf 84' lang='lat' dir='ltr'>dicit</span> <span class='ocrx_word' id='word_1_97' title='bbox 661 1897 674 1930; x_wconf 88' lang='lat'><strong>:</strong></span> <span class='ocrx_word' id='word_1_98' title='bbox 715 1880 852 1929; x_wconf 80' lang='lat' dir='ltr'>Anu.</span> <span class='ocrx_word' id='word_1_99' title='bbox 871 1892 994 1929; x_wconf 73' lang='lat' dir='ltr'>xvi.</span> <span class='ocrx_word' id='word_1_100' title='bbox 1015 1884 1099 1929; x_wconf 73' lang='lat'>³2.</span> <span class='ocrx_word' id='word_1_101' title='bbox 1132 1879 1148 1906; x_wconf 86' lang='lat'>‘</span> <span class='ocrx_word' id='word_1_102' title='bbox 1174 1885 1376 1928; x_wconf 90' lang='lat' dir='ltr'>tantum</span> <span class='ocrx_word' id='word_1_103' title='bbox 1398 1878 1490 1926; x_wconf 74' lang='lat' dir='ltr'>irae</span> <span class='ocrx_word' id='word_1_104' title='bbox 1513 1877 1580 1927; x_wconf 85' lang='lat' dir='ltr'>P.</span> 
     </span>
     <span class='ocr_line' id='line_1_20' title="bbox 477 1940 1581 2020; baseline -0.004 -14"><span class='ocrx_word' id='word_1_105' title='bbox 477 1940 762 2020; x_wconf 72' lang='lat' dir='ltr'>&#39;Egnatius</span> <span class='ocrx_word' id='word_1_106' title='bbox 795 1956 1044 2017; x_wconf 89' lang='lat' dir='ltr'>concivit,</span> <span class='ocrx_word' id='word_1_107' title='bbox 1067 1955 1228 2005; x_wconf 86' lang='lat' dir='ltr'>cliens</span> <span class='ocrx_word' id='word_1_108' title='bbox 1265 1954 1347 2003; x_wconf 77' lang='lat' dir='ltr'>liic</span> <span class='ocrx_word' id='word_1_109' title='bbox 1380 1953 1581 2014; x_wconf 87' lang='lat' dir='ltr'>Sorani,</span> 
     </span>
     <span class='ocr_line' id='line_1_21' title="bbox 508 2030 1581 2095; baseline -0.004 -13"><span class='ocrx_word' id='word_1_110' title='bbox 508 2040 566 2082; x_wconf 87' lang='lat' dir='ltr'>et</span> <span class='ocrx_word' id='word_1_111' title='bbox 588 2041 710 2082; x_wconf 83' lang='lat' dir='ltr'>tunc</span> <span class='ocrx_word' id='word_1_112' title='bbox 732 2038 935 2095; x_wconf 86' lang='lat' dir='ltr'>emptus</span> <span class='ocrx_word' id='word_1_113' title='bbox 955 2032 1018 2080; x_wconf 90' lang='lat' dir='ltr'>ad</span> <span class='ocrx_word' id='word_1_114' title='bbox 1043 2030 1440 2095; x_wconf 84' lang='lat' dir='ltr'>opprimendum</span> <span class='ocrx_word' id='word_1_115' title='bbox 1459 2031 1581 2079; x_wconf 84' lang='lat' dir='ltr'>ami·</span> 
     </span>
     <span class='ocr_line' id='line_1_22' title="bbox 510 2105 1582 2168; baseline -0.002 -13"><span class='ocrx_word' id='word_1_116' title='bbox 510 2121 648 2168; x_wconf 87' lang='lat' dir='ltr'>cum,</span> <span class='ocrx_word' id='word_1_117' title='bbox 673 2107 1036 2156; x_wconf 86' lang='lat' dir='ltr'>auctoritatem</span> <span class='ocrx_word' id='word_1_118' title='bbox 1057 2105 1250 2155; x_wconf 70' lang='lat' dir='ltr'>Stoicis</span> <span class='ocrx_word' id='word_1_119' title='bbox 1273 2111 1431 2154; x_wconf 55' lang='lat' dir='ltr'>sectas</span> <span class='ocrx_word' id='word_1_120' title='bbox 1450 2119 1582 2168; x_wconf 78' lang='lat' dir='ltr'>prae-</span> 
     </span>
     <span class='ocr_line' id='line_1_23' title="bbox 509 2179 1582 2244; baseline -0.001 -15"><span class='ocrx_word' id='word_1_121' title='bbox 509 2180 752 2232; x_wconf 87' lang='lat' dir='ltr'>ferebat.&#39;</span> <span class='ocrx_word' id='word_1_122' title='bbox 819 2181 984 2244; x_wconf 83' lang='lat' dir='ltr'>Cujus</span> <span class='ocrx_word' id='word_1_123' title='bbox 1020 2181 1282 2243; x_wconf 79' lang='lat' dir='ltr'>integrum</span> <span class='ocrx_word' id='word_1_124' title='bbox 1305 2194 1495 2229; x_wconf 88' lang='lat' dir='ltr'>nomen</span> <span class='ocrx_word' id='word_1_125' title='bbox 1515 2179 1582 2228; x_wconf 90' lang='lat' dir='ltr'>P.</span> 
     </span>
     <span class='ocr_line' id='line_1_24' title="bbox 513 2255 1584 2320; baseline -0.003 -14"><span class='ocrx_word' id='word_1_126' title='bbox 513 2256 768 2320; x_wconf 76' lang='lat' dir='ltr'>Egnatius</span> <span class='ocrx_word' id='word_1_127' title='bbox 791 2256 963 2306; x_wconf 87' lang='lat' dir='ltr'>Celer.</span> <span class='ocrx_word' id='word_1_128' title='bbox 1030 2255 1259 2305; x_wconf 81' lang='lat' dir='ltr'>Possunt</span> <span class='ocrx_word' id='word_1_129' title='bbox 1290 2255 1403 2304; x_wconf 64' lang='lat' dir='ltr'>bac</span> <span class='ocrx_word' id='word_1_130' title='bbox 1424 2255 1584 2304; x_wconf 89' lang='lat' dir='ltr'>etiam</span> 
     </span>
     <span class='ocr_line' id='line_1_25' title="bbox 517 2329 1584 2395; baseline -0.001 -15"><span class='ocrx_word' id='word_1_131' title='bbox 517 2332 687 2382; x_wconf 87' lang='lat' dir='ltr'>missis</span> <span class='ocrx_word' id='word_1_132' title='bbox 737 2330 1163 2395; x_wconf 69' lang='lat' dir='ltr'>castigationibus</span> <span class='ocrx_word' id='word_1_133' title='bbox 1219 2329 1460 2394; x_wconf 79' lang='lat' dir='ltr'>adaptari</span> <span class='ocrx_word' id='word_1_134' title='bbox 1513 2329 1584 2379; x_wconf 91' lang='lat' dir='ltr'>ad</span> 
     </span>
     <span class='ocr_line' id='line_1_26' title="bbox 513 2405 1584 2469; baseline -0.003 -11"><span class='ocrx_word' id='word_1_135' title='bbox 513 2423 720 2458; x_wconf 85' lang='lat' dir='ltr'>sensum</span> <span class='ocrx_word' id='word_1_136' title='bbox 744 2406 1029 2458; x_wconf 69' lang='lat' dir='ltr'>doctissimi</span> <span class='ocrx_word' id='word_1_137' title='bbox 1053 2405 1169 2455; x_wconf 81' lang='lat' dir='ltr'>viri.</span> <span class='ocrx_word' id='word_1_138' title='bbox 1233 2405 1470 2455; x_wconf 70' lang='lat' dir='ltr'>Amicitia</span> <span class='ocrx_word' id='word_1_139' title='bbox 1490 2419 1584 2469; x_wconf 92' lang='lat' dir='ltr'>pro</span> 
     </span>
     <span class='ocr_line' id='line_1_27' title="bbox 513 2479 1585 2546; baseline -0.007 -12"><span class='ocrx_word' id='word_1_140' title='bbox 513 2485 712 2544; x_wconf 81' lang='lat' dir='ltr'>amico;</span> <span class='ocrx_word' id='word_1_141' title='bbox 758 2483 818 2532; x_wconf 75' lang='grc' dir='ltr'>τὸ</span> <span class='ocrx_word' id='word_1_142' title='bbox 837 2480 1141 2546; x_wconf 62' lang='lat' dir='ltr'>rpus-bruto&amp;</span> <span class='ocrx_word' id='word_1_143' title='bbox 1174 2479 1280 2529; x_wconf 66' lang='lat' dir='ltr'>&amp;ml</span> <span class='ocrx_word' id='word_1_144' title='bbox 1311 2481 1399 2529; x_wconf 76' lang='grc' dir='ltr'>τοῦ</span> <span class='ocrx_word' id='word_1_145' title='bbox 1435 2497 1585 2543; x_wconf 68' lang='grc' dir='ltr'><strong>ταρα-</strong></span> 
     </span>
     <span class='ocr_line' id='line_1_28' title="bbox 511 2559 1585 2623; baseline 0.005 -15"><span class='ocrx_word' id='word_1_146' title='bbox 511 2561 677 2620; x_wconf 71' lang='grc' dir='ltr'>’γυγαῦ</span> <span class='ocrx_word' id='word_1_147' title='bbox 709 2576 721 2608; x_wconf 89' lang='lat'>:</span> <span class='ocrx_word' id='word_1_148' title='bbox 775 2559 810 2611; x_wconf 86' lang='lat' dir='ltr'>i.</span> <span class='ocrx_word' id='word_1_149' title='bbox 844 2559 1146 2623; x_wconf 65' lang='lat' dir='ltr'>primitivum</span> <span class='ocrx_word' id='word_1_150' title='bbox 1169 2573 1259 2621; x_wconf 78' lang='lat' dir='ltr'>pro</span> <span class='ocrx_word' id='word_1_151' title='bbox 1280 2559 1547 2608; x_wconf 61' lang='lat' dir='ltr'>dalmatico</span> <span class='ocrx_word' id='word_1_152' title='bbox 1568 2582 1585 2614; x_wconf 93' lang='lat'>.·</span> 
     </span>
     <span class='ocr_line' id='line_1_29' title="bbox 515 2634 1586 2699; baseline 0 -15"><span class='ocrx_word' id='word_1_153' title='bbox 515 2643 575 2684; x_wconf 93' lang='lat' dir='ltr'>ut</span> <span class='ocrx_word' id='word_1_154' title='bbox 609 2635 749 2686; x_wconf 87' lang='lat' dir='ltr'>Ann.</span> <span class='ocrx_word' id='word_1_155' title='bbox 787 2650 872 2685; x_wconf 90' lang='grc' dir='ltr'><strong>ιιι.</strong></span> <span class='ocrx_word' id='word_1_156' title='bbox 904 2636 921 2664; x_wconf 87' lang='lat'>‘</span> <span class='ocrx_word' id='word_1_157' title='bbox 946 2635 1325 2685; x_wconf 83' lang='lat' dir='ltr'>contumaciam</span> <span class='ocrx_word' id='word_1_158' title='bbox 1366 2634 1476 2699; x_wconf 82' lang='lat' dir='ltr'>ejus</span> <span class='ocrx_word' id='word_1_159' title='bbox 1513 2634 1586 2684; x_wconf 88' lang='lat' dir='ltr'>iu-</span> 
     </span>
     <span class='ocr_line' id='line_1_30' title="bbox 512 2708 1587 2773; baseline -0.001 -14"><span class='ocrx_word' id='word_1_160' title='bbox 512 2711 740 2771; x_wconf 82' lang='lat' dir='ltr'>sectari3</span> <span class='ocrx_word' id='word_1_161' title='bbox 790 2716 940 2760; x_wconf 81' lang='lat' dir='ltr'>vetus</span> <span class='ocrx_word' id='word_1_162' title='bbox 982 2710 1232 2773; x_wconf 60' lang='lat' dir='ltr'>Augustae</span> <span class='ocrx_word' id='word_1_163' title='bbox 1270 2708 1465 2772; x_wconf 88' lang='lat' dir='ltr'>odium,</span> <span class='ocrx_word' id='word_1_164' title='bbox 1507 2723 1587 2758; x_wconf 85' lang='lat' dir='ltr'>re-</span> 
     </span>
     <span class='ocr_line' id='line_1_31' title="bbox 511 2786 1586 2851; baseline -0.003 -13"><span class='ocrx_word' id='word_1_165' title='bbox 511 2794 720 2838; x_wconf 83' lang='lat' dir='ltr'>centem</span> <span class='ocrx_word' id='word_1_166' title='bbox 734 2787 894 2837; x_wconf 72' lang='lat' dir='ltr'>Livioe</span> <span class='ocrx_word' id='word_1_167' title='bbox 909 2786 1284 2837; x_wconf 80' lang='lat' dir='ltr'>conscientiam</span> <span class='ocrx_word' id='word_1_168' title='bbox 1298 2786 1586 2851; x_wconf 82' lang='lat' dir='ltr'>exagitare,</span> 
     </span>
     <span class='ocr_line' id='line_1_32' title="bbox 512 2859 1585 2928; baseline -0.004 -14"><span class='ocrx_word' id='word_1_169' title='bbox 512 2871 572 2914; x_wconf 88' lang='lat' dir='ltr'>ut</span> <span class='ocrx_word' id='word_1_170' title='bbox 594 2863 908 2928; x_wconf 86' lang='lat' dir='ltr'>superbiam,</span> <span class='ocrx_word' id='word_1_171' title='bbox 930 2859 1256 2912; x_wconf 71' lang='lat' dir='ltr'>fecunditate</span> <span class='ocrx_word' id='word_1_172' title='bbox 1292 2861 1585 2925; x_wconf 78' lang='lat' dir='ltr'>subnixam,</span> 
     </span>
     <span class='ocr_line' id='line_1_33' title="bbox 509 2938 1586 3004; baseline -0.003 -13"><span class='ocrx_word' id='word_1_173' title='bbox 509 2939 846 3004; x_wconf 76' lang='lat' dir='ltr'>popularibus</span> <span class='ocrx_word' id='word_1_174' title='bbox 884 2938 1069 2989; x_wconf 85' lang='lat' dir='ltr'>studiis</span> <span class='ocrx_word' id='word_1_175' title='bbox 1112 2938 1313 2989; x_wconf 75' lang='lat' dir='ltr'>inhiare</span> <span class='ocrx_word' id='word_1_176' title='bbox 1357 2938 1586 2988; x_wconf 83' lang='lat' dir='ltr'>domina-</span> 
     </span>
     <span class='ocr_line' id='line_1_34' title="bbox 511 3011 1585 3079; baseline -0.003 -13"><span class='ocrx_word' id='word_1_177' title='bbox 511 3016 645 3066; x_wconf 88' lang='lat' dir='ltr'>tioni</span> <span class='ocrx_word' id='word_1_178' title='bbox 679 3015 818 3079; x_wconf 89' lang='lat' dir='ltr'>apud</span> <span class='ocrx_word' id='word_1_179' title='bbox 854 3016 1114 3065; x_wconf 74' lang='lat' dir='ltr'>Coesarem</span> <span class='ocrx_word' id='word_1_180' title='bbox 1151 3011 1430 3078; x_wconf 61' lang='lat' dir='ltr'>argueret?</span> <span class='ocrx_word' id='word_1_181' title='bbox 1514 3014 1585 3063; x_wconf 93' lang='lat' dir='ltr'>Et</span> 
     </span>
     <span class='ocr_line' id='line_1_35' title="bbox 513 3090 1586 3156; baseline -0.004 -13"><span class='ocrx_word' id='word_1_182' title='bbox 513 3103 592 3156; x_wconf 87' lang='lat' dir='ltr'>ut,</span> <span class='ocrx_word' id='word_1_183' title='bbox 624 3093 641 3123; x_wconf 88' lang='lat'><strong>‘</strong></span> <span class='ocrx_word' id='word_1_184' title='bbox 666 3092 764 3143; x_wconf 83' lang='lat' dir='ltr'>sibi</span> <span class='ocrx_word' id='word_1_185' title='bbox 791 3105 1088 3142; x_wconf 83' lang='lat' dir='ltr'>concessam</span> <span class='ocrx_word' id='word_1_186' title='bbox 1125 3090 1373 3142; x_wconf 84' lang='lat' dir='ltr'>dictitans</span> <span class='ocrx_word' id='word_1_187' title='bbox 1403 3090 1586 3141; x_wconf 88' lang='lat' dir='ltr'>nobili-</span> 
     </span>
     <span class='ocr_line' id='line_1_36' title="bbox 513 3167 1586 3234; baseline -0.003 -13"><span class='ocrx_word' id='word_1_188' title='bbox 513 3177 692 3233; x_wconf 88' lang='lat' dir='ltr'>tatem,</span> <span class='ocrx_word' id='word_1_189' title='bbox 705 3168 1160 3234; x_wconf 77' lang='lat' dir='ltr'>pulchritudinem</span> <span class='ocrx_word' id='word_1_190' title='bbox 1163 3167 1179 3189; x_wconf 79' lang='lat'><em>⁹</em></span> <span class='ocrx_word' id='word_1_191' title='bbox 1237 3169 1357 3218; x_wconf 86' lang='lat' dir='ltr'>Non</span> <span class='ocrx_word' id='word_1_192' title='bbox 1378 3168 1586 3218; x_wconf 85' lang='lat' dir='ltr'>diversa</span> 
     </span>
     <span class='ocr_line' id='line_1_37' title="bbox 515 3242 1586 3333; baseline -0.005 -36"><span class='ocrx_word' id='word_1_193' title='bbox 515 3254 641 3297; x_wconf 83' lang='lat' dir='ltr'>sunt</span> <span class='ocrx_word' id='word_1_194' title='bbox 672 3260 790 3311; x_wconf 79' lang='lat' dir='ltr'>quae</span> <span class='ocrx_word' id='word_1_195' title='bbox 825 3251 1132 3311; x_wconf 86' lang='lat' dir='ltr'>sequuntur.</span> <span class='ocrx_word' id='word_1_196' title='bbox 1196 3245 1406 3333; x_wconf 61' lang='lat' dir='ltr'>Almus,</span> <span class='ocrx_word' id='word_1_197' title='bbox 1428 3242 1586 3305; x_wconf 54' lang='lat' dir='ltr'>sva-70</span> 
     </span>
     <span class='ocr_line' id='line_1_38' title="bbox 510 3319 1587 3385; baseline -0.002 -13"><span class='ocrx_word' id='word_1_198' title='bbox 510 3322 590 3372; x_wconf 73' lang='grc' dir='ltr'>καὶ</span> <span class='ocrx_word' id='word_1_199' title='bbox 611 3320 778 3385; x_wconf 70' lang='grc' dir='ltr'>Ξέρξης</span> <span class='ocrx_word' id='word_1_200' title='bbox 809 3320 996 3384; x_wconf 61' lang='lat' dir='ltr'>rupen</span> <span class='ocrx_word' id='word_1_201' title='bbox 1019 3319 1320 3384; x_wconf 70' lang='grc' dir='ltr'>στρατηγόνε</span> <span class='ocrx_word' id='word_1_202' title='bbox 1362 3321 1398 3370; x_wconf 84' lang='grc' dir='ltr'>ἰ.</span> <span class='ocrx_word' id='word_1_203' title='bbox 1423 3321 1587 3371; x_wconf 74' lang='lat' dir='ltr'>Duxit</span> 
     </span>
     <span class='ocr_line' id='line_1_39' title="bbox 512 3398 1584 3461; baseline -0.003 -12"><span class='ocrx_word' id='word_1_204' title='bbox 512 3403 561 3449; x_wconf 79' lang='lat' dir='ltr'>et</span> <span class='ocrx_word' id='word_1_205' title='bbox 599 3400 789 3449; x_wconf 71' lang='lat' dir='ltr'>Xerxes</span> <span class='ocrx_word' id='word_1_206' title='bbox 822 3399 1020 3448; x_wconf 68' lang='lat' dir='ltr'>Persam</span> <span class='ocrx_word' id='word_1_207' title='bbox 1052 3398 1332 3449; x_wconf 73' lang='lat' dir='ltr'>exercitum.</span> <span class='ocrx_word' id='word_1_208' title='bbox 1397 3398 1584 3461; x_wconf 79' lang='lat' dir='ltr'>Virgil.</span> 
     </span>
     <span class='ocr_line' id='line_1_40' title="bbox 510 3474 1584 3536; baseline 0 -12"><span class='ocrx_word' id='word_1_209' title='bbox 510 3474 629 3524; x_wconf 82' lang='lat' dir='ltr'>AE&#39;n.</span> <span class='ocrx_word' id='word_1_210' title='bbox 651 3487 777 3524; x_wconf 77' lang='lat' dir='ltr'>vm.</span> <span class='ocrx_word' id='word_1_211' title='bbox 810 3475 826 3504; x_wconf 80' lang='lat'><strong><em>⁴</em></strong></span> <span class='ocrx_word' id='word_1_212' title='bbox 851 3475 1045 3523; x_wconf 83' lang='lat' dir='ltr'>Divum</span> <span class='ocrx_word' id='word_1_213' title='bbox 1071 3481 1126 3522; x_wconf 89' lang='lat' dir='ltr'>tu</span> <span class='ocrx_word' id='word_1_214' title='bbox 1149 3474 1371 3525; x_wconf 79' lang='lat' dir='ltr'>maxime</span> <span class='ocrx_word' id='word_1_215' title='bbox 1393 3481 1584 3536; x_wconf 89' lang='lat' dir='ltr'>rector,</span> 
     </span>
     <span class='ocr_line' id='line_1_41' title="bbox 513 3547 1584 3616; baseline -0.001 -15"><span class='ocrx_word' id='word_1_216' title='bbox 513 3549 745 3613; x_wconf 80' lang='lat' dir='ltr'>Jupiter,</span> <span class='ocrx_word' id='word_1_217' title='bbox 787 3547 1004 3599; x_wconf 83' lang='lat' dir='ltr'>Arcadii</span> <span class='ocrx_word' id='word_1_218' title='bbox 1044 3563 1221 3616; x_wconf 60' lang='lat' dir='ltr'>quaiso</span> <span class='ocrx_word' id='word_1_219' title='bbox 1261 3551 1584 3601; x_wconf 85' lang='lat' dir='ltr'>miserescite</span> 
     </span>
     <span class='ocr_line' id='line_1_42' title="bbox 511 3623 1585 3688; baseline 0.001 -15"><span class='ocrx_word' id='word_1_220' title='bbox 511 3623 685 3688; x_wconf 62' lang='lat' dir='ltr'>regis!</span> <span class='ocrx_word' id='word_1_221' title='bbox 753 3623 999 3688; x_wconf 88' lang='lat' dir='ltr'>Propert.</span> <span class='ocrx_word' id='word_1_222' title='bbox 1033 3627 1049 3652; x_wconf 91' lang='lat'>‘</span> <span class='ocrx_word' id='word_1_223' title='bbox 1075 3625 1185 3675; x_wconf 87' lang='lat' dir='ltr'>Vos</span> <span class='ocrx_word' id='word_1_224' title='bbox 1219 3626 1364 3676; x_wconf 87' lang='lat' dir='ltr'>eritis</span> <span class='ocrx_word' id='word_1_225' title='bbox 1403 3632 1585 3688; x_wconf 86' lang='lat' dir='ltr'>testes,</span> 
     </span>
     <span class='ocr_line' id='line_1_43' title="bbox 511 3699 1587 3766; baseline -0.001 -15"><span class='ocrx_word' id='word_1_226' title='bbox 511 3701 704 3766; x_wconf 87' lang='lat' dir='ltr'>siquos</span> <span class='ocrx_word' id='word_1_227' title='bbox 725 3699 886 3750; x_wconf 79' lang='lat' dir='ltr'>babet</span> <span class='ocrx_word' id='word_1_228' title='bbox 907 3700 1060 3750; x_wconf 87' lang='lat' dir='ltr'>arbor</span> <span class='ocrx_word' id='word_1_229' title='bbox 1080 3714 1297 3765; x_wconf 84' lang='lat' dir='ltr'>amores,</span> <span class='ocrx_word' id='word_1_230' title='bbox 1320 3702 1487 3763; x_wconf 77' lang='lat' dir='ltr'>Fagus</span> <span class='ocrx_word' id='word_1_231' title='bbox 1528 3709 1587 3750; x_wconf 89' lang='lat' dir='ltr'>et</span> 
     </span>
     <span class='ocr_line' id='line_1_44' title="bbox 512 3777 1584 3844; baseline -0.003 -15"><span class='ocrx_word' id='word_1_232' title='bbox 512 3777 743 3829; x_wconf 86' lang='lat' dir='ltr'>Arcadio</span> <span class='ocrx_word' id='word_1_233' title='bbox 782 3777 935 3844; x_wconf 90' lang='lat' dir='ltr'>pinus</span> <span class='ocrx_word' id='word_1_234' title='bbox 978 3783 1153 3828; x_wconf 86' lang='lat' dir='ltr'>amata</span> <span class='ocrx_word' id='word_1_235' title='bbox 1186 3778 1340 3828; x_wconf 85' lang='lat' dir='ltr'>Deo.’</span> <span class='ocrx_word' id='word_1_236' title='bbox 1376 3779 1584 3828; x_wconf 63' lang='lat' dir='ltr'>Saliarem</span> 
     </span>
     <span class='ocr_line' id='line_1_45' title="bbox 510 3854 1583 3907; baseline -0.003 0"><span class='ocrx_word' id='word_1_237' title='bbox 510 3855 653 3907; x_wconf 82' lang='lat' dir='ltr'>Nihil</span> <span class='ocrx_word' id='word_1_238' title='bbox 698 3854 781 3903; x_wconf 81' lang='lat' dir='ltr'>hic</span> <span class='ocrx_word' id='word_1_239' title='bbox 835 3867 1010 3904; x_wconf 89' lang='lat' dir='ltr'>moror</span> <span class='ocrx_word' id='word_1_240' title='bbox 1054 3854 1469 3905; x_wconf 81' lang='lat' dir='ltr'>emendationem</span> <span class='ocrx_word' id='word_1_241' title='bbox 1524 3861 1583 3904; x_wconf 91' lang='lat' dir='ltr'>et</span> 
     </span>
     <span class='ocr_line' id='line_1_46' title="bbox 512 3929 1583 3995; baseline -0.001 -13"><span class='ocrx_word' id='word_1_242' title='bbox 512 3931 915 3995; x_wconf 61' lang='lat' dir='ltr'>explicationem</span> <span class='ocrx_word' id='word_1_243' title='bbox 937 3929 1146 3981; x_wconf 86' lang='lat' dir='ltr'>doctiss.</span> <span class='ocrx_word' id='word_1_244' title='bbox 1169 3931 1350 3994; x_wconf 85' lang='lat' dir='ltr'>Lipsii.</span> <span class='ocrx_word' id='word_1_245' title='bbox 1385 3932 1583 3995; x_wconf 79' lang='lat' dir='ltr'>Magis-</span> 
     </span>
     <span class='ocr_line' id='line_1_47' title="bbox 513 4003 1584 4071; baseline -0.003 -14"><span class='ocrx_word' id='word_1_246' title='bbox 513 4013 654 4057; x_wconf 83' lang='lat' dir='ltr'>trum</span> <span class='ocrx_word' id='word_1_247' title='bbox 675 4021 732 4056; x_wconf 91' lang='lat' dir='ltr'>se</span> <span class='ocrx_word' id='word_1_248' title='bbox 755 4003 959 4056; x_wconf 84' lang='lat' dir='ltr'>ferebat</span> <span class='ocrx_word' id='word_1_249' title='bbox 991 4005 1238 4055; x_wconf 69' lang='lat' dir='ltr'>amicitiae</span> <span class='ocrx_word' id='word_1_250' title='bbox 1269 4007 1442 4070; x_wconf 87' lang='lat' dir='ltr'>Celer,</span> <span class='ocrx_word' id='word_1_251' title='bbox 1460 4007 1584 4071; x_wconf 86' lang='lat' dir='ltr'>quia</span> 
     </span>
     <span class='ocr_line' id='line_1_48' title="bbox 514 4081 1582 4147; baseline -0.001 -14"><span class='ocrx_word' id='word_1_252' title='bbox 514 4082 860 4146; x_wconf 80' lang='lat' dir='ltr'>Philosophus</span> <span class='ocrx_word' id='word_1_253' title='bbox 888 4089 945 4131; x_wconf 88' lang='lat' dir='ltr'>et</span> <span class='ocrx_word' id='word_1_254' title='bbox 979 4081 1186 4147; x_wconf 82' lang='lat' dir='ltr'>quidem</span> <span class='ocrx_word' id='word_1_255' title='bbox 1209 4083 1428 4132; x_wconf 81' lang='lat' dir='ltr'>Stoicus.</span> <span class='ocrx_word' id='word_1_256' title='bbox 1494 4083 1582 4132; x_wconf 87' lang='lat' dir='ltr'>Sic</span> 
     </span>
     <span class='ocr_line' id='line_1_49' title="bbox 510 4158 1584 4212; baseline -0.003 -1"><span class='ocrx_word' id='word_1_257' title='bbox 510 4159 718 4211; x_wconf 86' lang='lat' dir='ltr'>locutus</span> <span class='ocrx_word' id='word_1_258' title='bbox 741 4159 1040 4209; x_wconf 74' lang='lat' dir='ltr'>Lactantius</span> <span class='ocrx_word' id='word_1_259' title='bbox 1062 4158 1099 4207; x_wconf 89' lang='lat' dir='ltr'>l.</span> <span class='ocrx_word' id='word_1_260' title='bbox 1125 4172 1177 4207; x_wconf 83' lang='lat' dir='ltr'>v.</span> <span class='ocrx_word' id='word_1_261' title='bbox 1210 4160 1225 4185; x_wconf 93' lang='lat'>‘</span> <span class='ocrx_word' id='word_1_262' title='bbox 1251 4159 1483 4212; x_wconf 83' lang='lat' dir='ltr'>Quorum</span> <span class='ocrx_word' id='word_1_263' title='bbox 1507 4159 1584 4207; x_wconf 85' lang='lat' dir='ltr'>al-</span> 
     </span>
     <span class='ocr_line' id='line_1_50' title="bbox 513 4232 1584 4300; baseline -0.002 -14"><span class='ocrx_word' id='word_1_264' title='bbox 513 4241 602 4286; x_wconf 87' lang='lat' dir='ltr'>ter</span> <span class='ocrx_word' id='word_1_265' title='bbox 622 4235 910 4290; x_wconf 82' lang='lat' dir='ltr'>antistitem</span> <span class='ocrx_word' id='word_1_266' title='bbox 947 4249 1005 4286; x_wconf 87' lang='lat' dir='ltr'>se</span> <span class='ocrx_word' id='word_1_267' title='bbox 1039 4233 1388 4298; x_wconf 67' lang='lat' dir='ltr'>Philosophiae</span> <span class='ocrx_word' id='word_1_268' title='bbox 1425 4232 1584 4300; x_wconf 83' lang='lat' dir='ltr'>profi·</span> 
     </span>
    </p>
   </div>
   <div class='ocr_carea' id='block_1_3' title="bbox 1189 419 1997 483">
    <p class='ocr_par' dir='ltr' id='par_1_3' title="bbox 1189 419 1997 483">
     <span class='ocr_line' id='line_1_51' title="bbox 1189 419 1997 483; baseline 0.001 -2"><span class='ocrx_word' id='word_1_269' title='bbox 1189 430 1409 482; x_wconf 71' lang='lat' dir='ltr'>Nom</span> <span class='ocrx_word' id='word_1_270' title='bbox 1456 419 1863 483; x_wconf 72' lang='lat' dir='ltr'>vAm&#39;oauu</span> <span class='ocrx_word' id='word_1_271' title='bbox 1912 432 1997 482; x_wconf 75' lang='lat' dir='ltr'>m</span> 
     </span>
    </p>
   </div>
   <div class='ocr_carea' id='block_1_4' title="bbox 1644 569 2759 4300">
    <p class='ocr_par' dir='ltr' id='par_1_4' title="bbox 1644 569 2714 795">
     <span class='ocr_line' id='line_1_52' title="bbox 1644 569 2714 641; baseline -0.001 -14"><span class='ocrx_word' id='word_1_272' title='bbox 1644 578 2071 641; x_wconf 80' lang='lat' dir='ltr'>tebatur,vernm</span> <span class='ocrx_word' id='word_1_273' title='bbox 2092 578 2165 627; x_wconf 85' lang='lat' dir='ltr'>ita</span> <span class='ocrx_word' id='word_1_274' title='bbox 2183 575 2417 640; x_wconf 81' lang='lat' dir='ltr'>vitiosus,</span> <span class='ocrx_word' id='word_1_275' title='bbox 2452 582 2514 627; x_wconf 89' lang='lat' dir='ltr'>ut</span> <span class='ocrx_word' id='word_1_276' title='bbox 2549 569 2714 626; x_wconf 65' lang='lat' dir='ltr'>co&#39;nti·</span> 
     </span>
     <span class='ocr_line' id='line_1_53' title="bbox 1646 653 2711 717; baseline -0.001 -14"><span class='ocrx_word' id='word_1_277' title='bbox 1646 653 1833 704; x_wconf 67' lang='lat' dir='ltr'>nentia</span> <span class='ocrx_word' id='word_1_278' title='bbox 1867 655 2136 717; x_wconf 79' lang='lat' dir='ltr'>magister,</span> <span class='ocrx_word' id='word_1_279' title='bbox 2156 667 2259 703; x_wconf 89' lang='lat' dir='ltr'>non</span> <span class='ocrx_word' id='word_1_280' title='bbox 2281 653 2448 702; x_wconf 86' lang='lat' dir='ltr'>miuus</span> <span class='ocrx_word' id='word_1_281' title='bbox 2471 653 2711 717; x_wconf 74' lang='lat' dir='ltr'>avaritia,</span> 
     </span>
     <span class='ocr_line' id='line_1_54' title="bbox 1646 729 2645 795; baseline 0.002 -16"><span class='ocrx_word' id='word_1_282' title='bbox 1646 745 1803 795; x_wconf 86' lang='lat' dir='ltr'>quam</span> <span class='ocrx_word' id='word_1_283' title='bbox 1831 730 2129 780; x_wconf 89' lang='lat' dir='ltr'>libidinibus</span> <span class='ocrx_word' id='word_1_284' title='bbox 2153 729 2401 780; x_wconf 84' lang='lat' dir='ltr'>arderet.’</span> <span class='ocrx_word' id='word_1_285' title='bbox 2434 731 2645 781; x_wconf 80' lang='lat' dir='ltr'>Colerus.</span> 
     </span>
    </p>

    <p class='ocr_par' dir='ltr' id='par_1_5' title="bbox 1646 805 2719 1173">
     <span class='ocr_line' id='line_1_55' title="bbox 1712 805 2715 869; baseline -0.001 -14"><span class='ocrx_word' id='word_1_286' title='bbox 1712 806 1949 856; x_wconf 76' lang='lat' dir='ltr'>Motisad</span> <span class='ocrx_word' id='word_1_287' title='bbox 1970 807 2193 855; x_wconf 77' lang='lat' dir='ltr'>ultionem</span> <span class='ocrx_word' id='word_1_288' title='bbox 2228 805 2424 869; x_wconf 73' lang='lat' dir='ltr'>anisnis]</span> <span class='ocrx_word' id='word_1_289' title='bbox 2487 806 2715 869; x_wconf 86' lang='lat' dir='ltr'>Corrup-</span> 
     </span>
     <span class='ocr_line' id='line_1_56' title="bbox 1648 879 2715 947; baseline -0.001 -15"><span class='ocrx_word' id='word_1_290' title='bbox 1648 880 1875 932; x_wconf 83' lang='lat' dir='ltr'>tissimus</span> <span class='ocrx_word' id='word_1_291' title='bbox 1900 891 2053 933; x_wconf 88' lang='lat' dir='ltr'>antea</span> <span class='ocrx_word' id='word_1_292' title='bbox 2091 883 2257 943; x_wconf 83' lang='lat' dir='ltr'>locus,</span> <span class='ocrx_word' id='word_1_293' title='bbox 2292 895 2445 947; x_wconf 85' lang='lat' dir='ltr'>quem</span> <span class='ocrx_word' id='word_1_294' title='bbox 2482 879 2715 931; x_wconf 87' lang='lat' dir='ltr'>restitui·</span> 
     </span>
     <span class='ocr_line' id='line_1_57' title="bbox 1648 958 2719 1021; baseline 0.001 -15"><span class='ocrx_word' id='word_1_295' title='bbox 1648 972 1762 1008; x_wconf 88' lang='lat' dir='ltr'>mus</span> <span class='ocrx_word' id='word_1_296' title='bbox 1785 959 1850 1007; x_wconf 91' lang='lat' dir='ltr'>ab</span> <span class='ocrx_word' id='word_1_297' title='bbox 1872 959 2112 1021; x_wconf 77' lang='lat' dir='ltr'>ingenio.</span> <span class='ocrx_word' id='word_1_298' title='bbox 2138 972 2255 1007; x_wconf 88' lang='lat' dir='ltr'>cum</span> <span class='ocrx_word' id='word_1_299' title='bbox 2277 958 2422 1007; x_wconf 89' lang='lat' dir='ltr'>libris</span> <span class='ocrx_word' id='word_1_300' title='bbox 2445 965 2604 1019; x_wconf 87' lang='lat' dir='ltr'>esset,</span> <span class='ocrx_word' id='word_1_301' title='bbox 2619 973 2719 1007; x_wconf 69' lang='lat' dir='ltr'>mo·</span> 
     </span>
     <span class='ocr_line' id='line_1_58' title="bbox 1646 1031 2717 1096; baseline 0.001 -15"><span class='ocrx_word' id='word_1_302' title='bbox 1646 1033 1715 1081; x_wconf 81' lang='lat' dir='ltr'>tis</span> <span class='ocrx_word' id='word_1_303' title='bbox 1730 1032 2077 1083; x_wconf 77' lang='lat' dir='ltr'>adulationibus</span> <span class='ocrx_word' id='word_1_304' title='bbox 2096 1033 2297 1082; x_wconf 62' lang='lat' dir='ltr'>munis:</span> <span class='ocrx_word' id='word_1_305' title='bbox 2334 1039 2443 1096; x_wconf 89' lang='lat' dir='ltr'>aut,</span> <span class='ocrx_word' id='word_1_306' title='bbox 2465 1039 2524 1081; x_wconf 89' lang='lat' dir='ltr'>ut</span> <span class='ocrx_word' id='word_1_307' title='bbox 2542 1031 2717 1084; x_wconf 74' lang='lat' dir='ltr'>vatic.</span> 
     </span>
     <span class='ocr_line' id='line_1_59' title="bbox 1647 1110 2325 1173; baseline 0 -15"><span class='ocrx_word' id='word_1_308' title='bbox 1647 1111 1776 1158; x_wconf 78' lang='lat' dir='ltr'>notis</span> <span class='ocrx_word' id='word_1_309' title='bbox 1791 1110 2070 1159; x_wconf 73' lang='lat' dir='ltr'>adulationi.</span> <span class='ocrx_word' id='word_1_310' title='bbox 2104 1110 2325 1173; x_wconf 82' lang='lat' dir='ltr'>Lipsius.</span> 
     </span>
    </p>

    <p class='ocr_par' dir='ltr' id='par_1_6' title="bbox 1649 1183 2745 3672">
     <span class='ocr_line' id='line_1_60' title="bbox 1716 1183 2719 1248; baseline 0.001 -14"><span class='ocrx_word' id='word_1_311' title='bbox 1716 1185 1870 1234; x_wconf 82' lang='lat' dir='ltr'>Motis</span> <span class='ocrx_word' id='word_1_312' title='bbox 1886 1187 1951 1234; x_wconf 81' lang='lat' dir='ltr'>ad</span> <span class='ocrx_word' id='word_1_313' title='bbox 1970 1188 2197 1235; x_wconf 70' lang='lat' dir='ltr'>ultionem</span> <span class='ocrx_word' id='word_1_314' title='bbox 2217 1183 2533 1235; x_wconf 80' lang='lat' dir='ltr'>delationibus</span> <span class='ocrx_word' id='word_1_315' title='bbox 2549 1199 2719 1248; x_wconf 67' lang='lat' dir='ltr'>expec-</span> 
     </span>
     <span class='ocr_line' id='line_1_61' title="bbox 1650 1260 2718 1326; baseline 0.001 -15"><span class='ocrx_word' id='word_1_316' title='bbox 1650 1260 1898 1324; x_wconf 76' lang='lat' dir='ltr'>tabantur]</span> <span class='ocrx_word' id='word_1_317' title='bbox 1979 1262 2067 1311; x_wconf 86' lang='lat' dir='ltr'>Ita</span> <span class='ocrx_word' id='word_1_318' title='bbox 2119 1262 2350 1312; x_wconf 67' lang='lat' dir='ltr'>Faernus</span> <span class='ocrx_word' id='word_1_319' title='bbox 2401 1261 2718 1326; x_wconf 86' lang='lat' dir='ltr'>jampridem</span> 
     </span>
     <span class='ocr_line' id='line_1_62' title="bbox 1651 1336 2721 1400; baseline 0 -14"><span class='ocrx_word' id='word_1_320' title='bbox 1651 1337 1967 1398; x_wconf 83' lang='lat' dir='ltr'>emendavit,</span> <span class='ocrx_word' id='word_1_321' title='bbox 2008 1351 2125 1400; x_wconf 89' lang='lat' dir='ltr'>pro,</span> <span class='ocrx_word' id='word_1_322' title='bbox 2174 1337 2318 1386; x_wconf 73' lang='lat' dir='ltr'>motis</span> <span class='ocrx_word' id='word_1_323' title='bbox 2369 1336 2721 1387; x_wconf 67' lang='lat' dir='ltr'>adubationibus</span> 
     </span>
     <span class='ocr_line' id='line_1_63' title="bbox 1650 1413 2720 1478; baseline -0.002 -14"><span class='ocrx_word' id='word_1_324' title='bbox 1650 1415 1825 1464; x_wconf 62' lang='lat' dir='ltr'>enisus</span> <span class='ocrx_word' id='word_1_325' title='bbox 1855 1413 2238 1478; x_wconf 76' lang='lat' dir='ltr'>expectabantur.</span> <span class='ocrx_word' id='word_1_326' title='bbox 2285 1414 2461 1463; x_wconf 88' lang='lat' dir='ltr'>Ursin.</span> <span class='ocrx_word' id='word_1_327' title='bbox 2540 1413 2720 1463; x_wconf 85' lang='lat' dir='ltr'>Muso-</span> 
     </span>
     <span class='ocr_line' id='line_1_64' title="bbox 1649 1487 2717 1552; baseline -0.001 -13"><span class='ocrx_word' id='word_1_328' title='bbox 1649 1490 1767 1539; x_wconf 87' lang='lat' dir='ltr'>nius</span> <span class='ocrx_word' id='word_1_329' title='bbox 1812 1490 1999 1541; x_wconf 87' lang='lat' dir='ltr'>Patres</span> <span class='ocrx_word' id='word_1_330' title='bbox 2023 1491 2076 1538; x_wconf 91' lang='lat' dir='ltr'>in</span> <span class='ocrx_word' id='word_1_331' title='bbox 2098 1490 2335 1539; x_wconf 86' lang='lat' dir='ltr'>Celerem</span> <span class='ocrx_word' id='word_1_332' title='bbox 2372 1487 2717 1552; x_wconf 86' lang='lat' dir='ltr'>accendebat,</span> 
     </span>
     <span class='ocr_line' id='line_1_65' title="bbox 1650 1565 2723 1632; baseline 0 -16"><span class='ocrx_word' id='word_1_333' title='bbox 1650 1567 1867 1617; x_wconf 88' lang='lat' dir='ltr'>laudans</span> <span class='ocrx_word' id='word_1_334' title='bbox 1901 1582 1991 1617; x_wconf 85' lang='lat' dir='ltr'>eos</span> <span class='ocrx_word' id='word_1_335' title='bbox 2013 1567 2097 1632; x_wconf 91' lang='lat' dir='ltr'>(ut</span> <span class='ocrx_word' id='word_1_336' title='bbox 2118 1565 2262 1631; x_wconf 89' lang='lat' dir='ltr'>reor)</span> <span class='ocrx_word' id='word_1_337' title='bbox 2293 1567 2429 1631; x_wconf 86' lang='lat' dir='ltr'>quod</span> <span class='ocrx_word' id='word_1_338' title='bbox 2451 1580 2657 1630; x_wconf 81' lang='lat' dir='ltr'>semper</span> <span class='ocrx_word' id='word_1_339' title='bbox 2686 1580 2723 1616; x_wconf 87' lang='lat' dir='ltr'>a</span> 
     </span>
     <span class='ocr_line' id='line_1_66' title="bbox 1652 1633 2722 1706; baseline -0.004 -12"><span class='ocrx_word' id='word_1_340' title='bbox 1652 1644 1996 1694; x_wconf 84' lang='lat' dir='ltr'>delationibus</span> <span class='ocrx_word' id='word_1_341' title='bbox 2020 1642 2387 1693; x_wconf 86' lang='lat' dir='ltr'>abstinuissent</span> <span class='ocrx_word' id='word_1_342' title='bbox 2420 1650 2478 1692; x_wconf 86' lang='lat' dir='ltr'>et</span> <span class='ocrx_word' id='word_1_343' title='bbox 2513 1633 2722 1706; x_wconf 84' lang='lat' dir='ltr'>semper</span> 
     </span>
     <span class='ocr_line' id='line_1_67' title="bbox 1653 1718 2720 1781; baseline -0.004 -10"><span class='ocrx_word' id='word_1_344' title='bbox 1653 1728 1982 1770; x_wconf 82' lang='lat' dir='ltr'>accusatores</span> <span class='ocrx_word' id='word_1_345' title='bbox 2015 1719 2241 1768; x_wconf 80' lang='lat' dir='ltr'>aversati</span> <span class='ocrx_word' id='word_1_346' title='bbox 2280 1725 2473 1768; x_wconf 85' lang='lat' dir='ltr'>essent.</span> <span class='ocrx_word' id='word_1_347' title='bbox 2551 1718 2720 1781; x_wconf 86' lang='lat' dir='ltr'>quue</span> 
     </span>
     <span class='ocr_line' id='line_1_68' title="bbox 1652 1794 2720 1858; baseline -0.001 -12"><span class='ocrx_word' id='word_1_348' title='bbox 1652 1796 1701 1846; x_wconf 88' lang='lat' dir='ltr'>ei</span> <span class='ocrx_word' id='word_1_349' title='bbox 1743 1797 2025 1858; x_wconf 80' lang='lat' dir='ltr'>processit,</span> <span class='ocrx_word' id='word_1_350' title='bbox 2058 1809 2175 1844; x_wconf 84' lang='lat' dir='ltr'>nam</span> <span class='ocrx_word' id='word_1_351' title='bbox 2225 1795 2354 1844; x_wconf 87' lang='lat' dir='ltr'>licet</span> <span class='ocrx_word' id='word_1_352' title='bbox 2394 1808 2457 1844; x_wconf 89' lang='lat' dir='ltr'>eo</span> <span class='ocrx_word' id='word_1_353' title='bbox 2496 1794 2720 1845; x_wconf 85' lang='lat' dir='ltr'>cadente</span> 
     </span>
     <span class='ocr_line' id='line_1_69' title="bbox 1654 1871 2721 1934; baseline -0.002 -13"><span class='ocrx_word' id='word_1_354' title='bbox 1654 1873 1866 1921; x_wconf 88' lang='lat' dir='ltr'>Priscus</span> <span class='ocrx_word' id='word_1_355' title='bbox 1900 1880 1957 1920; x_wconf 90' lang='lat' dir='ltr'>et</span> <span class='ocrx_word' id='word_1_356' title='bbox 1981 1871 2264 1921; x_wconf 85' lang='lat' dir='ltr'>Marcellus</span> <span class='ocrx_word' id='word_1_357' title='bbox 2292 1877 2721 1934; x_wconf 75' lang='lat' dir='ltr'>expectarentur,</span> 
     </span>
     <span class='ocr_line' id='line_1_70' title="bbox 1654 1947 2724 2012; baseline 0.001 -16"><span class='ocrx_word' id='word_1_358' title='bbox 1654 1948 1876 2012; x_wconf 85' lang='lat' dir='ltr'>indeque</span> <span class='ocrx_word' id='word_1_359' title='bbox 1900 1961 2086 2010; x_wconf 82' lang='lat' dir='ltr'>agmen</span> <span class='ocrx_word' id='word_1_360' title='bbox 2110 1959 2311 1997; x_wconf 89' lang='lat' dir='ltr'>reorum</span> <span class='ocrx_word' id='word_1_361' title='bbox 2335 1963 2350 2006; x_wconf 89' lang='lat'><strong>;</strong></span> <span class='ocrx_word' id='word_1_362' title='bbox 2383 1961 2500 1996; x_wconf 87' lang='lat' dir='ltr'>uam</span> <span class='ocrx_word' id='word_1_363' title='bbox 2533 1947 2549 1974; x_wconf 79' lang='lat'><em>⁴</em></span> <span class='ocrx_word' id='word_1_364' title='bbox 2572 1947 2613 1996; x_wconf 89' lang='lat' dir='ltr'>si</span> <span class='ocrx_word' id='word_1_365' title='bbox 2637 1961 2724 1997; x_wconf 89' lang='lat' dir='ltr'>ca·</span> 
     </span>
     <span class='ocr_line' id='line_1_71' title="bbox 1655 2022 2725 2083; baseline 0 -11"><span class='ocrx_word' id='word_1_366' title='bbox 1655 2023 1807 2072; x_wconf 88' lang='lat' dir='ltr'>deret</span> <span class='ocrx_word' id='word_1_367' title='bbox 1828 2022 2109 2072; x_wconf 85' lang='lat' dir='ltr'>Marcellus</span> <span class='ocrx_word' id='word_1_368' title='bbox 2139 2036 2322 2083; x_wconf 66' lang='lat' dir='ltr'>agmen</span> <span class='ocrx_word' id='word_1_369' title='bbox 2354 2036 2558 2071; x_wconf 88' lang='lat' dir='ltr'>reorum</span> <span class='ocrx_word' id='word_1_370' title='bbox 2592 2030 2725 2072; x_wconf 88' lang='lat' dir='ltr'>ster·</span> 
     </span>
     <span class='ocr_line' id='line_1_72' title="bbox 1654 2096 2745 2162; baseline -0.002 -15"><span class='ocrx_word' id='word_1_371' title='bbox 1654 2097 1895 2159; x_wconf 85' lang='lat' dir='ltr'>uebatur,</span> <span class='ocrx_word' id='word_1_372' title='bbox 1934 2110 2099 2160; x_wconf 88' lang='lat' dir='ltr'>eaque</span> <span class='ocrx_word' id='word_1_373' title='bbox 2132 2096 2199 2146; x_wconf 85' lang='lat' dir='ltr'>de</span> <span class='ocrx_word' id='word_1_374' title='bbox 2236 2109 2419 2146; x_wconf 83' lang='lat' dir='ltr'>caussa</span> <span class='ocrx_word' id='word_1_375' title='bbox 2452 2101 2633 2162; x_wconf 76' lang='lat' dir='ltr'>patres</span> <span class='ocrx_word' id='word_1_376' title='bbox 2665 2096 2745 2154; x_wconf 59' lang='lat' dir='ltr'>iu&gt;</span> 
     </span>
     <span class='ocr_line' id='line_1_73' title="bbox 1658 2173 2721 2238; baseline -0.003 -13"><span class='ocrx_word' id='word_1_377' title='bbox 1658 2174 1828 2225; x_wconf 89' lang='lat' dir='ltr'>studia</span> <span class='ocrx_word' id='word_1_378' title='bbox 1850 2173 2130 2224; x_wconf 80' lang='lat' dir='ltr'>diduxerat</span> <span class='ocrx_word' id='word_1_379' title='bbox 2146 2174 2179 2234; x_wconf 89' lang='lat'>;&#39;</span> <span class='ocrx_word' id='word_1_380' title='bbox 2231 2182 2287 2223; x_wconf 87' lang='lat' dir='ltr'>et</span> <span class='ocrx_word' id='word_1_381' title='bbox 2319 2187 2456 2223; x_wconf 87' lang='lat' dir='ltr'>nunc</span> <span class='ocrx_word' id='word_1_382' title='bbox 2496 2173 2721 2238; x_wconf 87' lang='lat' dir='ltr'>aliquan-</span> 
     </span>
     <span class='ocr_line' id='line_1_74' title="bbox 1659 2248 2722 2313; baseline -0.002 -13"><span class='ocrx_word' id='word_1_383' title='bbox 1659 2258 1769 2300; x_wconf 87' lang='lat' dir='ltr'>tum</span> <span class='ocrx_word' id='word_1_384' title='bbox 1801 2249 2214 2311; x_wconf 85' lang='lat' dir='ltr'>retardarentur,</span> <span class='ocrx_word' id='word_1_385' title='bbox 2259 2250 2276 2277; x_wconf 89' lang='lat'>‘</span> <span class='ocrx_word' id='word_1_386' title='bbox 2301 2264 2365 2298; x_wconf 90' lang='lat' dir='ltr'>ea</span> <span class='ocrx_word' id='word_1_387' title='bbox 2402 2248 2722 2313; x_wconf 83' lang='lat' dir='ltr'>cogitatione</span> 
     </span>
     <span class='ocr_line' id='line_1_75' title="bbox 1658 2324 2724 2376; baseline -0.001 0"><span class='ocrx_word' id='word_1_388' title='bbox 1658 2325 1892 2376; x_wconf 77' lang='lat' dir='ltr'>renovari</span> <span class='ocrx_word' id='word_1_389' title='bbox 1916 2325 2036 2374; x_wconf 83' lang='lat' dir='ltr'>odia</span> <span class='ocrx_word' id='word_1_390' title='bbox 2057 2324 2445 2375; x_wconf 84' lang='lat' dir='ltr'>accusationum</span> <span class='ocrx_word' id='word_1_391' title='bbox 2481 2325 2724 2375; x_wconf 76' lang='lat' dir='ltr'>videban-</span> 
     </span>
     <span class='ocr_line' id='line_1_76' title="bbox 1661 2400 2724 2463; baseline 0 -11"><span class='ocrx_word' id='word_1_392' title='bbox 1661 2402 1795 2463; x_wconf 81' lang='lat' dir='ltr'>tur3’</span> <span class='ocrx_word' id='word_1_393' title='bbox 1852 2410 2027 2451; x_wconf 86' lang='lat' dir='ltr'>tamen</span> <span class='ocrx_word' id='word_1_394' title='bbox 2079 2402 2095 2428; x_wconf 89' lang='lat'>‘</span> <span class='ocrx_word' id='word_1_395' title='bbox 2130 2402 2284 2451; x_wconf 89' lang='lat' dir='ltr'>motis</span> <span class='ocrx_word' id='word_1_396' title='bbox 2341 2400 2724 2452; x_wconf 83' lang='lat' dir='ltr'>adulationibus</span> 
     </span>
     <span class='ocr_line' id='line_1_77' title="bbox 1659 2477 2723 2543; baseline 0.001 -15"><span class='ocrx_word' id='word_1_397' title='bbox 1659 2477 1871 2540; x_wconf 88' lang='lat' dir='ltr'>animis,&#39;</span> <span class='ocrx_word' id='word_1_398' title='bbox 1903 2484 1959 2526; x_wconf 92' lang='lat' dir='ltr'>et</span> <span class='ocrx_word' id='word_1_399' title='bbox 1983 2478 2105 2543; x_wconf 85' lang='lat' dir='ltr'>quia</span> <span class='ocrx_word' id='word_1_400' title='bbox 2137 2478 2155 2505; x_wconf 84' lang='lat'>‘</span> <span class='ocrx_word' id='word_1_401' title='bbox 2176 2477 2289 2526; x_wconf 86' lang='lat' dir='ltr'>vilis</span> <span class='ocrx_word' id='word_1_402' title='bbox 2312 2485 2369 2527; x_wconf 89' lang='lat' dir='ltr'>et</span> <span class='ocrx_word' id='word_1_403' title='bbox 2390 2492 2581 2527; x_wconf 86' lang='lat' dir='ltr'>nocens</span> <span class='ocrx_word' id='word_1_404' title='bbox 2604 2493 2723 2529; x_wconf 81' lang='lat' dir='ltr'>reus</span> 
     </span>
     <span class='ocr_line' id='line_1_78' title="bbox 1660 2553 2725 2619; baseline 0.004 -17"><span class='ocrx_word' id='word_1_405' title='bbox 1660 2555 1867 2619; x_wconf 76' lang='lat' dir='ltr'>protegi</span> <span class='ocrx_word' id='word_1_406' title='bbox 1903 2568 2005 2603; x_wconf 87' lang='lat' dir='ltr'>uon</span> <span class='ocrx_word' id='word_1_407' title='bbox 2045 2553 2290 2617; x_wconf 84' lang='lat' dir='ltr'>poterat,’</span> <span class='ocrx_word' id='word_1_408' title='bbox 2325 2555 2479 2604; x_wconf 88' lang='lat' dir='ltr'>Celer</span> <span class='ocrx_word' id='word_1_409' title='bbox 2513 2561 2725 2619; x_wconf 87' lang='lat' dir='ltr'>postero</span> 
     </span>
     <span class='ocr_line' id='line_1_79' title="bbox 1659 2630 2726 2697; baseline 0.003 -18"><span class='ocrx_word' id='word_1_410' title='bbox 1659 2631 1745 2680; x_wconf 91' lang='lat' dir='ltr'>die</span> <span class='ocrx_word' id='word_1_411' title='bbox 1793 2630 2063 2682; x_wconf 83' lang='lat' dir='ltr'>damnatus</span> <span class='ocrx_word' id='word_1_412' title='bbox 2123 2639 2243 2681; x_wconf 85' lang='lat' dir='ltr'>est:</span> <span class='ocrx_word' id='word_1_413' title='bbox 2307 2633 2324 2660; x_wconf 89' lang='lat'>‘</span> <span class='ocrx_word' id='word_1_414' title='bbox 2347 2633 2726 2697; x_wconf 83' lang='lat' dir='ltr'>damnatusque</span> 
     </span>
     <span class='ocr_line' id='line_1_80' title="bbox 1660 2706 2728 2768; baseline 0.003 -12"><span class='ocrx_word' id='word_1_415' title='bbox 1660 2706 1896 2768; x_wconf 80' lang='lat' dir='ltr'>Publius,</span> <span class='ocrx_word' id='word_1_416' title='bbox 1933 2714 1990 2757; x_wconf 90' lang='lat' dir='ltr'>et</span> <span class='ocrx_word' id='word_1_417' title='bbox 2021 2707 2206 2760; x_wconf 86' lang='lat' dir='ltr'>Sorani</span> <span class='ocrx_word' id='word_1_418' title='bbox 2237 2708 2470 2757; x_wconf 86' lang='lat' dir='ltr'>manibus</span> <span class='ocrx_word' id='word_1_419' title='bbox 2493 2706 2728 2759; x_wconf 79' lang='lat' dir='ltr'>satisfac-</span> 
     </span>
     <span class='ocr_line' id='line_1_81' title="bbox 1661 2781 2727 2835; baseline 0.003 -3"><span class='ocrx_word' id='word_1_420' title='bbox 1661 2782 1805 2832; x_wconf 85' lang='lat' dir='ltr'>tum.&#39;</span> <span class='ocrx_word' id='word_1_421' title='bbox 1872 2783 2101 2833; x_wconf 85' lang='lat' dir='ltr'>Eandem</span> <span class='ocrx_word' id='word_1_422' title='bbox 2126 2786 2262 2834; x_wconf 89' lang='lat' dir='ltr'>viam</span> <span class='ocrx_word' id='word_1_423' title='bbox 2291 2781 2557 2834; x_wconf 83' lang='lat' dir='ltr'>affectavit</span> <span class='ocrx_word' id='word_1_424' title='bbox 2596 2784 2727 2835; x_wconf 87' lang='lat' dir='ltr'>Hel·</span> 
     </span>
     <span class='ocr_line' id='line_1_82' title="bbox 1660 2858 2728 2911; baseline 0.004 -4"><span class='ocrx_word' id='word_1_425' title='bbox 1660 2858 1828 2909; x_wconf 83' lang='lat' dir='ltr'>vidius</span> <span class='ocrx_word' id='word_1_426' title='bbox 1851 2874 1966 2909; x_wconf 88' lang='lat' dir='ltr'>cum</span> <span class='ocrx_word' id='word_1_427' title='bbox 1991 2859 2176 2910; x_wconf 87' lang='lat' dir='ltr'>iterum</span> <span class='ocrx_word' id='word_1_428' title='bbox 2216 2861 2270 2910; x_wconf 92' lang='lat' dir='ltr'>in</span> <span class='ocrx_word' id='word_1_429' title='bbox 2308 2860 2615 2910; x_wconf 82' lang='lat' dir='ltr'>Marcellum</span> <span class='ocrx_word' id='word_1_430' title='bbox 2649 2862 2728 2911; x_wconf 90' lang='lat' dir='ltr'>in·</span> 
     </span>
     <span class='ocr_line' id='line_1_83' title="bbox 1660 2933 2727 2999; baseline 0.005 -16"><span class='ocrx_word' id='word_1_431' title='bbox 1660 2933 1957 2996; x_wconf 84' lang='lat' dir='ltr'>veheretur,</span> <span class='ocrx_word' id='word_1_432' title='bbox 1973 2935 2059 2999; x_wconf 89' lang='lat' dir='ltr'>qui</span> <span class='ocrx_word' id='word_1_433' title='bbox 2085 2942 2232 2986; x_wconf 85' lang='lat' dir='ltr'>certe</span> <span class='ocrx_word' id='word_1_434' title='bbox 2252 2943 2489 2986; x_wconf 86' lang='lat' dir='ltr'>senatum</span> <span class='ocrx_word' id='word_1_435' title='bbox 2508 2937 2558 2986; x_wconf 91' lang='lat' dir='ltr'>iu</span> <span class='ocrx_word' id='word_1_436' title='bbox 2581 2952 2727 2988; x_wconf 86' lang='lat' dir='ltr'>susm</span> 
     </span>
     <span class='ocr_line' id='line_1_84' title="bbox 1660 3011 2730 3074; baseline 0.004 -14"><span class='ocrx_word' id='word_1_437' title='bbox 1660 3011 1970 3061; x_wconf 85' lang='lat' dir='ltr'>sententiam</span> <span class='ocrx_word' id='word_1_438' title='bbox 2026 3013 2292 3074; x_wconf 80' lang='lat' dir='ltr'>traxisset,</span> <span class='ocrx_word' id='word_1_439' title='bbox 2347 3013 2402 3062; x_wconf 90' lang='lat' dir='ltr'>ni</span> <span class='ocrx_word' id='word_1_440' title='bbox 2455 3014 2730 3065; x_wconf 80' lang='lat' dir='ltr'>Mucianus</span> 
     </span>
     <span class='ocr_line' id='line_1_85' title="bbox 1661 3086 2729 3154; baseline 0.004 -19"><span class='ocrx_word' id='word_1_441' title='bbox 1661 3100 1757 3150; x_wconf 86' lang='lat' dir='ltr'>pro</span> <span class='ocrx_word' id='word_1_442' title='bbox 1779 3086 2095 3137; x_wconf 87' lang='lat' dir='ltr'>delatoribus</span> <span class='ocrx_word' id='word_1_443' title='bbox 2115 3088 2432 3139; x_wconf 82' lang='lat' dir='ltr'>censuisset:</span> <span class='ocrx_word' id='word_1_444' title='bbox 2470 3089 2667 3154; x_wconf 76' lang='lat' dir='ltr'>‘igitur</span> <span class='ocrx_word' id='word_1_445' title='bbox 2695 3105 2729 3139; x_wconf 91' lang='lat' dir='ltr'>a</span> 
     </span>
     <span class='ocr_line' id='line_1_86' title="bbox 1660 3163 2731 3231; baseline 0.006 -20"><span class='ocrx_word' id='word_1_446' title='bbox 1660 3163 1813 3212; x_wconf 89' lang='lat' dir='ltr'>laude</span> <span class='ocrx_word' id='word_1_447' title='bbox 1847 3164 2017 3214; x_wconf 84' lang='lat' dir='ltr'>Cluvii</span> <span class='ocrx_word' id='word_1_448' title='bbox 2056 3164 2174 3214; x_wconf 82' lang='lat' dir='ltr'>Rufi</span> <span class='ocrx_word' id='word_1_449' title='bbox 2216 3180 2378 3226; x_wconf 86' lang='lat' dir='ltr'>orsus,</span> <span class='ocrx_word' id='word_1_450' title='bbox 2403 3167 2488 3231; x_wconf 92' lang='lat' dir='ltr'>qui</span> <span class='ocrx_word' id='word_1_451' title='bbox 2514 3166 2731 3230; x_wconf 83' lang='lat' dir='ltr'>perinde</span> 
     </span>
     <span class='ocr_line' id='line_1_87' title="bbox 1660 3237 2727 3305; baseline 0.006 -19"><span class='ocrx_word' id='word_1_452' title='bbox 1660 3237 1825 3303; x_wconf 83' lang='lat' dir='ltr'>dives,</span> <span class='ocrx_word' id='word_1_453' title='bbox 1846 3247 1902 3289; x_wconf 88' lang='lat' dir='ltr'>et</span> <span class='ocrx_word' id='word_1_454' title='bbox 1923 3241 2222 3305; x_wconf 83' lang='lat' dir='ltr'>eloquentia</span> <span class='ocrx_word' id='word_1_455' title='bbox 2258 3243 2446 3303; x_wconf 87' lang='lat' dir='ltr'>clarus,</span> <span class='ocrx_word' id='word_1_456' title='bbox 2468 3243 2597 3291; x_wconf 83' lang='lat' dir='ltr'>nulli</span> <span class='ocrx_word' id='word_1_457' title='bbox 2635 3243 2727 3292; x_wconf 61' lang='grc' dir='ltr'><strong>ιιιιὲ</strong></span> 
     </span>
     <span class='ocr_line' id='line_1_88' title="bbox 1661 3316 2728 3381; baseline 0.004 -17"><span class='ocrx_word' id='word_1_458' title='bbox 1661 3329 1815 3378; x_wconf 86' lang='lat' dir='ltr'>quam</span> <span class='ocrx_word' id='word_1_459' title='bbox 1836 3316 1933 3366; x_wconf 89' lang='lat' dir='ltr'>sub</span> <span class='ocrx_word' id='word_1_460' title='bbox 1952 3317 2161 3367; x_wconf 82' lang='lat' dir='ltr'>Nerone</span> <span class='ocrx_word' id='word_1_461' title='bbox 2185 3318 2471 3381; x_wconf 88' lang='lat' dir='ltr'>periculum</span> <span class='ocrx_word' id='word_1_462' title='bbox 2491 3318 2728 3368; x_wconf 84' lang='lat' dir='ltr'>facessis-</span> 
     </span>
     <span class='ocr_line' id='line_1_89' title="bbox 1662 3392 2729 3459; baseline 0.003 -18"><span class='ocrx_word' id='word_1_463' title='bbox 1662 3399 1764 3453; x_wconf 90' lang='lat' dir='ltr'>set,</span> <span class='ocrx_word' id='word_1_464' title='bbox 1796 3392 2009 3441; x_wconf 88' lang='lat' dir='ltr'>crimine</span> <span class='ocrx_word' id='word_1_465' title='bbox 2044 3392 2194 3442; x_wconf 88' lang='lat' dir='ltr'>simul</span> <span class='ocrx_word' id='word_1_466' title='bbox 2215 3395 2554 3458; x_wconf 79' lang='lat' dir='ltr'>exemploque</span> <span class='ocrx_word' id='word_1_467' title='bbox 2578 3395 2729 3459; x_wconf 83' lang='lat' dir='ltr'>Epri-</span> 
     </span>
     <span class='ocr_line' id='line_1_90' title="bbox 1661 3468 2729 3533; baseline 0.004 -16"><span class='ocrx_word' id='word_1_468' title='bbox 1661 3483 1748 3517; x_wconf 88' lang='lat' dir='ltr'>um</span> <span class='ocrx_word' id='word_1_469' title='bbox 1802 3468 2057 3533; x_wconf 73' lang='lat' dir='ltr'>urgebat.’</span> <span class='ocrx_word' id='word_1_470' title='bbox 2150 3470 2499 3520; x_wconf 82' lang='lat' dir='ltr'>Doctissimus</span> <span class='ocrx_word' id='word_1_471' title='bbox 2551 3478 2729 3521; x_wconf 85' lang='lat' dir='ltr'>tamen</span> 
     </span>
     <span class='ocr_line' id='line_1_91' title="bbox 1664 3546 2729 3610; baseline 0.004 -17"><span class='ocrx_word' id='word_1_472' title='bbox 1664 3546 1740 3593; x_wconf 77' lang='lat' dir='ltr'>vir</span> <span class='ocrx_word' id='word_1_473' title='bbox 1772 3546 1975 3610; x_wconf 87' lang='lat' dir='ltr'>maluit,</span> <span class='ocrx_word' id='word_1_474' title='bbox 2006 3546 2150 3594; x_wconf 69' lang='lat' dir='ltr'>motis</span> <span class='ocrx_word' id='word_1_475' title='bbox 2179 3549 2243 3595; x_wconf 86' lang='lat' dir='ltr'>ad</span> <span class='ocrx_word' id='word_1_476' title='bbox 2277 3546 2500 3596; x_wconf 72' lang='lat' dir='ltr'>ultionem</span> <span class='ocrx_word' id='word_1_477' title='bbox 2537 3546 2729 3597; x_wconf 68' lang='lat' dir='ltr'>animis.</span> 
     </span>
     <span class='ocr_line' id='line_1_92' title="bbox 1659 3621 1883 3672; baseline 0 -1"><span class='ocrx_word' id='word_1_478' title='bbox 1659 3621 1883 3672; x_wconf 81' lang='lat' dir='ltr'>Saliner.</span> 
     </span>
    </p>

    <p class='ocr_par' dir='ltr' id='par_1_7' title="bbox 1660 3699 2730 3994">
     <span class='ocr_line' id='line_1_93' title="bbox 1727 3699 2730 3764; baseline 0.001 -15"><span class='ocrx_word' id='word_1_479' title='bbox 1727 3700 1865 3749; x_wconf 66' lang='lat' dir='ltr'>Car.</span> <span class='ocrx_word' id='word_1_480' title='bbox 1889 3704 1970 3749; x_wconf 88' lang='lat'>11.</span> <span class='ocrx_word' id='word_1_481' title='bbox 2007 3699 2144 3749; x_wconf 77' lang='lat' dir='ltr'>Inter</span> <span class='ocrx_word' id='word_1_482' title='bbox 2176 3699 2364 3764; x_wconf 76' lang='lat' dir='ltr'>patres]</span> <span class='ocrx_word' id='word_1_483' title='bbox 2418 3700 2504 3750; x_wconf 85' lang='lat' dir='ltr'>lta</span> <span class='ocrx_word' id='word_1_484' title='bbox 2524 3699 2730 3750; x_wconf 84' lang='lat' dir='ltr'>Merce-</span> 
     </span>
     <span class='ocr_line' id='line_1_94' title="bbox 1661 3778 2728 3841; baseline 0 -14"><span class='ocrx_word' id='word_1_485' title='bbox 1661 3792 1764 3836; x_wconf 87' lang='lat' dir='ltr'>rus,</span> <span class='ocrx_word' id='word_1_486' title='bbox 1786 3784 1842 3827; x_wconf 90' lang='lat' dir='ltr'>et</span> <span class='ocrx_word' id='word_1_487' title='bbox 1864 3785 2042 3828; x_wconf 88' lang='lat' dir='ltr'>recte.</span> <span class='ocrx_word' id='word_1_488' title='bbox 2030 3795 2043 3807; x_wconf 92' lang='lat'><strong>·</strong></span> <span class='ocrx_word' id='word_1_489' title='bbox 2100 3793 2201 3829; x_wconf 88' lang='lat' dir='ltr'>non</span> <span class='ocrx_word' id='word_1_490' title='bbox 2235 3783 2412 3841; x_wconf 75' lang='lat' dir='ltr'>partes.</span> <span class='ocrx_word' id='word_1_491' title='bbox 2477 3778 2728 3828; x_wconf 84' lang='lat' dir='ltr'>Senatum</span> 
     </span>
     <span class='ocr_line' id='line_1_95' title="bbox 1660 3854 2730 3919; baseline 0 -15"><span class='ocrx_word' id='word_1_492' title='bbox 1660 3868 1850 3919; x_wconf 87' lang='lat' dir='ltr'>nempe</span> <span class='ocrx_word' id='word_1_493' title='bbox 1871 3855 2132 3918; x_wconf 75' lang='lat' dir='ltr'>intellegit</span> <span class='ocrx_word' id='word_1_494' title='bbox 2168 3854 2481 3918; x_wconf 88' lang='lat' dir='ltr'>discordem,</span> <span class='ocrx_word' id='word_1_495' title='bbox 2512 3861 2572 3904; x_wconf 90' lang='lat' dir='ltr'>ut</span> <span class='ocrx_word' id='word_1_496' title='bbox 2605 3862 2730 3906; x_wconf 85' lang='lat' dir='ltr'>ante</span> 
     </span>
     <span class='ocr_line' id='line_1_96' title="bbox 1660 3930 2144 3994; baseline 0.002 -15"><span class='ocrx_word' id='word_1_497' title='bbox 1660 3930 1907 3980; x_wconf 86' lang='lat' dir='ltr'>ostendit.</span> <span class='ocrx_word' id='word_1_498' title='bbox 1940 3931 2144 3994; x_wconf 77' lang='lat' dir='ltr'>Lipsius.</span> 
     </span>
    </p>

    <p class='ocr_par' dir='ltr' id='par_1_8' title="bbox 1654 4007 2759 4300">
     <span class='ocr_line' id='line_1_97' title="bbox 1725 4007 2733 4071; baseline 0.004 -16"><span class='ocrx_word' id='word_1_499' title='bbox 1725 4007 1985 4056; x_wconf 73' lang='lat' dir='ltr'>Discordia</span> <span class='ocrx_word' id='word_1_500' title='bbox 2014 4007 2143 4056; x_wconf 77' lang='lat' dir='ltr'>iuter</span> <span class='ocrx_word' id='word_1_501' title='bbox 2179 4007 2364 4070; x_wconf 83' lang='lat' dir='ltr'>partes]</span> <span class='ocrx_word' id='word_1_502' title='bbox 2428 4007 2629 4071; x_wconf 86' lang='lat' dir='ltr'>Scribo,</span> <span class='ocrx_word' id='word_1_503' title='bbox 2645 4023 2733 4071; x_wconf 74' lang='lat' dir='ltr'>pa·</span> 
     </span>
     <span class='ocr_line' id='line_1_98' title="bbox 1660 4082 2730 4134; baseline 0.003 -3"><span class='ocrx_word' id='word_1_504' title='bbox 1660 4088 1771 4132; x_wconf 83' lang='lat' dir='ltr'>tres.</span> <span class='ocrx_word' id='word_1_505' title='bbox 1839 4083 1975 4133; x_wconf 87' lang='lat' dir='ltr'>Nam</span> <span class='ocrx_word' id='word_1_506' title='bbox 2012 4082 2079 4133; x_wconf 89' lang='lat' dir='ltr'>de</span> <span class='ocrx_word' id='word_1_507' title='bbox 2108 4083 2419 4134; x_wconf 82' lang='lat' dir='ltr'>Senatorum</span> <span class='ocrx_word' id='word_1_508' title='bbox 2454 4084 2730 4134; x_wconf 83' lang='lat' dir='ltr'>dissensio·</span> 
     </span>
     <span class='ocr_line' id='line_1_99' title="bbox 1659 4159 2733 4225; baseline 0.002 -18"><span class='ocrx_word' id='word_1_509' title='bbox 1659 4159 1813 4210; x_wconf 85' lang='lat' dir='ltr'>nibus</span> <span class='ocrx_word' id='word_1_510' title='bbox 1837 4159 2014 4210; x_wconf 89' lang='lat' dir='ltr'>sentit.</span> <span class='ocrx_word' id='word_1_511' title='bbox 2066 4160 2329 4210; x_wconf 72' lang='lat' dir='ltr'>Mer-cerus.</span> <span class='ocrx_word' id='word_1_512' title='bbox 2392 4161 2583 4225; x_wconf 75' lang='lat' dir='ltr'>Vulgo,</span> <span class='ocrx_word' id='word_1_513' title='bbox 2604 4159 2733 4210; x_wconf 76' lang='lat' dir='ltr'>iuter</span> 
     </span>
     <span class='ocr_line' id='line_1_100' title="bbox 1654 4233 2759 4300; baseline 0.001 -16"><span class='ocrx_word' id='word_1_514' title='bbox 1654 4239 1853 4298; x_wconf 75' lang='lat' dir='ltr'>partes.-</span> <span class='ocrx_word' id='word_1_515' title='bbox 1916 4247 2041 4285; x_wconf 82' lang='lat' dir='ltr'>nam</span> <span class='ocrx_word' id='word_1_516' title='bbox 2075 4233 2166 4286; x_wconf 86' lang='lat' dir='ltr'>ubi</span> <span class='ocrx_word' id='word_1_517' title='bbox 2203 4242 2407 4300; x_wconf 79' lang='lat' dir='ltr'>partes,</span> <span class='ocrx_word' id='word_1_518' title='bbox 2440 4235 2513 4285; x_wconf 87' lang='lat' dir='ltr'>ibi</span> <span class='ocrx_word' id='word_1_519' title='bbox 2550 4247 2759 4286; x_wconf 85' lang='lat' dir='ltr'>eonse-·</span> 
     </span>
    </p>
   </div>
  </div>
 </body>
</html>
