3050 4867
1112 417 1222 469 ..c
1257 419 1325 469 c.
1355 415 1644 469 nem.
2332 406 2514 476 ⁴⁵oe

384 586 422 628 a
445 566 767 647 Theologis
813 566 1001 629 Paris.
1046 567 1109 627 in
1152 569 1347 630 Catal.
1385 568 1670 633 librorum
1696 567 2126 693 prohibitorum
2151 577 2243 633 eat
2266 570 2509 637 relatus.

388 665 464 724 V.
494 664 886 743 ArgentreT.
919 680 999 724 11.
1026 682 1091 743 p.
1124 661 1262 735 167.

309 766 456 825 1551
507 760 877 821 Francofurti
920 760 999 821 ad
1051 760 1254 823 Viadr.
1314 772 1372 825 8.
1433 762 1780 862 Germania,
1822 781 1960 824 cum
2007 762 2163 825 notia
2209 763 2508 839 willichii,

385 856 668 918 Glareani
694 868 755 917 et
779 858 1282 918 Melanchtbonis.

308 960 462 1023 1557
502 954 904 1033 Wittebergae,
919 964 974 1017 8.
999 955 1359 1015 ‘Germania
1373 955 1634 1017 Cornelii
1650 956 1871 1018 Taciti
1880 890 2189 1017 vocabula
2204 957 2509 1037 regionum

316 1092 327 1101 -
375 1058 664 1111 enarrata.
747 1050 1087 1111 Herminius
1141 1050 1328 1110 Ulrici
1373 1052 1644 1112 Hutteni
1706 1052 2026 1113 Germania
2069 1054 2250 1114 Conr.
2299 1054 2508 1116 Celtis.

383 1145 687 1225 Dialogus,
717 1148 815 1208 cui
842 1148 1047 1208 titulus
1073 1153 1197 1207 est:
1239 1147 1458 1209 Julius.
1498 1150 1735 1208 Recens
1786 1148 1944 1208 edita
1988 1168 2022 1207 a
2064 1148 2343 1228 Philippo
2382 1150 2511 1210 Me-

382 1241 778 1304 lanchthone.’

306 1344 464 1407 1574
506 1339 771 1411 Basileae,
798 1338 903 1399 fol.
936 1338 1281 1399 Germania.
1322 1338 1393 1398 In
1423 1336 1678 1399 Simonis
1700 1337 2182 1399 Sclmrdiirerum
2203 1339 2512 1401 Germani-

380 1453 579 1494 carum
608 1435 1009 1516 Scriptoribus
1036 1434 1114 1494 T.
1148 1452 1197 1496 1.
1227 1454 1367 1495 cum
1394 1434 1874 1495 Melanchthonia
1917 1435 2284 1496 enarratione
2333 1453 2513 1497 voca-

380 1532 669 1604 bulorum,
697 1533 961 1610 regiones
1009 1541 1069 1592 et
1112 1540 1317 1610 gentes
1344 1530 1756 1602 indicantium,
1786 1530 1863 1592 ad
1891 1541 2156 1593 recentes
2180 1550 2378 1592 earum
2405 1546 2512 1611 ap-

380 1628 718 1708 pellationes
736 1630 1209 1702 accommodata,
1228 1629 1554 1690 Althameri
1565 1627 1843 1701 scholiis,
1857 1627 2134 1689 Glareani
2151 1635 2213 1687 et
2231 1627 2511 1689 Willichii

379 1725 833 1786 commentariis.
877 1727 1091 1806 Repet.
1139 1727 1331 1788 Gissae
1364 1723 1543 1798 1673.
1564 1725 1667 1786 fol.
1694 1742 1840 1785 cura
1868 1722 2213 1803 Hieronymi
2236 1723 2507 1797 Τὶιωω.

383 1821 738 1899 Augustani.

304 1922 484 1981 1580.
526 1921 811 1998 Augusta!
851 1919 1032 1981 Vind.
1091 1930 1150 1983 8.
1201 1919 1546 1991 Germania,
1595 1937 1731 1978 cum
1772 1923 2096 1976 comment.
2145 1914 2508 1985 Altliameri,

379 2013 747 2093 aliorumque
767 2015 1088 2077 observati.
1107 2016 1334 2077 editore
1363 2016 1508 2077 Sim.
1555 2014 1847 2076 Fabricio.
1885 2028 1968 2073 11.
2005 2011 2149 2073 vell.
2179 2009 2511 2073 Althameri

379 2111 801 2172 commentaria
826 2112 1146 2193 separatim
1175 2111 1335 2173 edita
1362 2113 1681 2190 ’Ambergae
1712 2110 1890 2180 1609.
1924 2117 1981 2170 8.

305 2213 464 2278 1594
505 2208 900 2286 Argentorati,
933 2218 990 2270 8.
1019 2208 1358 2281 Germania,
1388 2219 1630 2269 curante
1657 2207 1846 2269 Mich.
1877 2205 2197 2267 Beuthero.

304 2299 460 2364 1602
504 2303 809 2376 Hanoviae,
842 2311 899 2366 8.
943 2305 1014 2365 C.
1048 2305 1226 2366 Corn.
1263 2303 1464 2366 Taciti
1504 2304 1583 2364 de
1625 2304 1763 2376 situ,
1810 2301 2069 2363 moribus
2095 2310 2157 2362 et
2181 2319 2331 2381 pop.
2361 2301 2513 2363 Ger·
2587 2342 2592 2347 «

380 2399 589 2460 maniae
615 2400 868 2473 libellus,
897 2421 933 2462 a
958 2400 1179 2462 Christ.
1224 2402 1439 2462 Colero
1465 2400 1685 2461 editus.

304 2490 463 2557 1610
501 2498 892 2576 Argentorati,
946 2508 1001 2561 8.
1041 2498 1381 2571 Germania,
1410 2498 1579 2558 Beati
1606 2496 1870 2558 Rhenani
1896 2512 2094 2557 rerum
2122 2491 2511 2555 Germanica-

377 2609 507 2651 rum
528 2591 691 2653 libris
718 2592 946 2665 addita,
964 2612 1104 2655 cum
1119 2594 1310 2672 ejusd.
1327 2592 1605 2656 Rhenani
1631 2590 2121 2672 castigationibus
2148 2600 2208 2651 et
2236 2588 2512 2653 winiehii

380 2690 828 2750 commentariis.
868 2691 1085 2770 Repet.
1114 2689 1253 2752 ibid.
1285 2688 1461 2762 1670.
1494 2699 1553 2752 8.

302 2785 454 2848 1631
504 2785 779 2866 Lugduni
827 2788 961 2850 Bat.
1009 2787 1115 2849 fol.
1185 2795 1205 2822 ‘
1233 2787 1305 2848 C.
1352 2788 1535 2849 Corn.
1579 2786 1784 2848 Taciti
1827 2784 1902 2846 de
1949 2785 2095 2856 situ,
2139 2780 2401 2846 moribus
2447 2787 2512 2842 et

372 2881 606 2961 populis
665 2883 1004 2945 Germaniae
1052 2883 1305 2956 libellus,
1351 2903 1386 2945 a
1430 2883 1664 2947 mendis
1714 2880 2164 2964 quamplurimis
2204 2883 2511 2960 purgatus,

377 2986 439 3036 et
465 2978 609 3040 locis
637 2981 866 3060 aliquot
884 2981 1303 3061 transpositus,
1327 2982 1611 3061 novisque
1628 2977 2198 3061 interpunctionibus
2220 2976 2282 3035 in
2309 2990 2513 3034 verum

378 3092 621 3136 aeneum
647 3076 964 3139 distinctus
1006 3099 1115 3159 per
1155 3080 1306 3140 Phil.
1347 3079 1708 3140 Cluverium.
1747 3074 2018 3154 Adjecta
2046 3080 2138 3135 eat
2163 3090 2238 3133 ex
2262 3071 2512 3131 adverso

379 3170 648 3247 ejusdem
692 3172 827 3231 libri
869 3172 1052 3234 editio
1100 3175 1425 3253 Lipsiana.'
1524 3172 1811 3235 Praefixus
1866 3170 2125 3233 Cluverii
2176 3162 2512 3231 Germania

379 3265 658 3345 antiquae.
704 3267 1273 3347 Lugd.Bat.1631.

301 3361 460 3433 1637
502 3362 869 3443 Noribergae,
902 3375 959 3428 8.
999 3367 1299 3446 Agricola,
1322 3384 1377 3426 c.
1406 3385 1467 3426 ιι.
1499 3364 1693 3427 Mich.
1719 3362 2033 3441 Virdnngi.

296 3458 528 3521 -ibid.
562 3469 619 3522 8.
647 3462 986 3534 Germania,
1017 3471 1262 3524 curante
1288 3462 1502 3524 eodem
1529 3460 1859 3537 Virdnngo.

303 3552 460 3615 1642
504 3554 774 3634 Lugduni
820 3559 956 3619 Bat.
1005 3566 1101 3620 12.
1147 3558 1219 3618 C.
1272 3557 1459 3619 Corn.
1514 3555 1717 3621 Taciti
1762 3552 2060 3634 Agricola,
2083 3552 2512 3615 etineumM.

379 3650 554 3711 Zuer.
586 3652 904 3714 Boxhornii
931 3655 1401 3716 commentarius.

302 3744 463 3817 1647
506 3747 792 3827 Coburgi,
826 3760 883 3811 8.
926 3750 1127 3811 Taciti
1155 3751 1500 3812 Germania.

303 3839 459 3907 1652
503 3844 866 3916 Helmstadii‚
892 3856 952 3908 4.
992 3848 1246 3909 Tacitus
1291 3849 1366 3909 de
1408 3847 1544 3924 situ,
1590 3862 1735 3908 mor.
1765 3852 1827 3906 et
1864 3864 2011 3926 pop.
2061 3842 2396 3907 Germaniae
2440 3861 2514 3903 ex

304 3984 315 4001 .-
378 3939 482 4000 ed.
512 3942 596 4002 H.
624 3942 948 4022 Conringii.
2475 3964 2484 3973 ·

300 4033 469 4104 1656
507 4038 693 4111 Jenae,
727 4047 784 4100 8.
827 4041 1129 4120 Agricola,
1158 4063 1215 4104 c.
1243 4060 1303 4103 n.
1331 4043 1430 4105 Jo.
1452 4040 1641 4103 Andr.
1668 4042 1853 4105 Boa‘ri.

308 4129 467 4191 1664
504 4135 691 4207 Jenae,
724 4124 783 4199 8‘.
812 4139 1107 4218 Agricola,
1131 4159 1269 4200 cum
1300 4160 1357 4200 n.
1380 4139 1565 4212 Boaii,
1586 4138 1810 4203 additia
1830 4135 2152 4202 Boxhornii
2172 4137 2516 4197 commcntt.

300 4228 782 4313 ae-Wittebergae,
814 4245 872 4299 8.
903 4238 1240 4316 Germania,
1266 4256 1405 4302 cum
1426 4237 1585 4300 notia
1601 4238 1720 4302 Ge.
1742 4238 1922 4319 casp.
1944 4232 2350 4307 Kirchmieci.
