3050 4867
456 384 635 463 mss

457 553 682 605 nntium
705 559 761 605 et
785 554 1061 606 Haterium
1100 560 1154 606 et
1188 562 1410 618 eeteros,
1431 557 1517 620 qui

456 630 829 694 captandorum
874 638 1299 681 testamentorum
1350 640 1515 681 artem

456 706 678 771 professi
710 716 846 768 suut,
879 721 978 756 non
1022 716 1173 770 putas
1213 709 1392 757 eadem
1430 710 1516 757 ha-

456 781 603 844 bere,
620 795 737 845 quae
759 781 1113 847 designatores
1135 785 1517 834 et-libitiuarios

457 862 580 906 vota
595 856 629 903 ?’
659 857 764 905 Sed
789 858 946 906 alium
969 859 1035 906 ab
1057 859 1177 921 isto,
1212 861 1413 924 opinor,
1443 861 1516 909 in-

458 931 665 995 tellegit
699 932 930 983 Seneca:
968 934 1057 997 qui
1098 936 1192 985 sub
1226 936 1352 985 Caio
1375 951 1516 1000 mag·

454 1021 569 1070 nus,
605 1013 661 1056 et
695 1010 779 1072 qui
828 1017 949 1059 ante
982 1025 1172 1073 praeco.
1232 1013 1514 1076 Josephnm

454 1083 577 1133 vide
595 1096 715 1133 xlx.
731 1084 915 1151 Antiq.
934 1101 980 1137 c.
1001 1091 1047 1136 1.
1068 1088 1163 1137 sub
1187 1088 1357 1138 finem.
1379 1089 1513 1153 upa.

519 1172 754 1235 Divum,
784 1174 1076 1238 promptam]
1130 1177 1317 1226 Cicero
1352 1176 1514 1228 famil.

456 1247 623 1312 Epist.
654 1263 717 1299 ιι.
759 1254 840 1299 18.
887 1251 902 1279 ⁴
930 1259 1036 1301 tres
1075 1250 1283 1315 fratres,
1321 1267 1517 1305 summo

452 1325 568 1374 loco
588 1331 757 1388 natos,
777 1333 1059 1389 promptos,
1078 1341 1181 1376 nou
1200 1328 1517 1379 indisertos.'

454 1399 570 1451 Lib.
595 1415 657 1451 ιι.
695 1402 747 1450 iu
772 1403 1018 1452 Verrem:
1051 1404 1068 1431 ‘
1094 1404 1390 1455 Heraclium
1430 1407 1513 1456 bo·

453 1476 639 1525 minem
706 1491 821 1525 esse
897 1478 1143 1542 majorem
1204 1488 1348 1542 natu,
1410 1497 1513 1532 nou

452 1552 929 1616 promptissimum!
995 1553 1105 1603 Lib.
1135 1568 1210 1605 tv·
1256 1556 1274 1583 ‘
1312 1557 1372 1607 C.
1416 1558 1513 1606 Ca-

451 1627 603 1690 narii,
641 1629 1010 1692 promptissimi
1042 1630 1259 1680 hominis
1281 1639 1339 1682 et
1361 1649 1515 1699 expe·

450 1703 663 1754 rientis!
709 1704 945 1756 Justinus
967 1705 1055 1755 lib.
1073 1719 1217 1756 xxa.
1237 1709 1254 1737 ⁸
1277 1723 1342 1758 ex
1363 1711 1513 1774 plebe

452 1792 658 1845 quoque
673 1780 1103 1845 locupletissimos
1118 1789 1173 1832 et
1192 1785 1512 1847 promptissi-

451 1867 562 1904 mos
583 1854 864 1906 interficit.’
896 1856 1169 1920 Agricola:
1203 1859 1220 1886 ⁸
1242 1861 1515 1923 promptis·

449 1929 605 1980 simus
622 1931 840 1995 quisque
871 1932 1068 1981 saevitia
1086 1933 1336 1997 principis
1357 1935 1515 1985 iuter-

449 2006 725 2057 eideruut.'
792 2008 1071 2056 Gronovius.

514 2082 721 2131 Avidum
740 2087 787 2131 et
808 2081 1057 2146 minorem]
1090 2083 1300 2133 Mureto
1335 2084 1514 2135 adsen-

448 2155 599 2205 s‘erim
641 2158 853 2222 legenti,
894 2158 1103 2221 uvidum,
1150 2161 1230 2207 ard
1270 2159 1511 2212 mum.

449 2230 696 2281 Piciieua.

464 2315 471 2318 “
513 2306 709 2357 Βίεαειω
728 2310 942 2374 daretur]
976 2311 1179 2375 Nempe
1217 2327 1248 2362 a
1284 2311 1511 2366 fortuna.

449 2381 893 2434 Quemadmodum
956 2387 1045 2437 lib.
1085 2401 1176 2439 xv.
1248 2391 1266 2418 ‘
1292 2390 1510 2441 Quoties

447 2458 653 2509 fortuna
692 2467 875 2510 contra
915 2462 1065 2512 daret
1082 2463 1118 2513 ε’
1152 2470 1280 2528 puta
1317 2479 1510 2516 casnm.

447 2535 498 2586 A
536 2536 779 2586 Sallustio
817 2539 871 2587 in
911 2538 1160 2603 Jugurtb.
1209 2544 1225 2569 ‘
1252 2538 1509 2592 sdttunam

446 2610 546 2660 illis
579 2613 817 2675 praeclari
852 2612 1096 2665 facinoris
1136 2630 1310 2666 casum
1350 2618 1509 2669 dare!

444 2685 580 2737 'Vide
604 2688 669 2737 ad
696 2688 895 2737 Livium
919 2703 1054 2740 xxx.
1075 2695 1157 2740 30.
1213 2694 1406 2743 Noster
1430 2708 1507 2743 xi.

445 2762 636 2811 ‘casus
683 2762 975 2813 Mithridati
1022 2764 1175 2815 datus
1218 2775 1301 2817 est
1362 2783 1512 2819 occu·

445 2837 606 2902 pandi
630 2836 965 2889 Armeniam!
1030 2840 1147 2889 Lib.
1172 2854 1298 2891 xm.
1333 2842 1349 2871 ‘
1375 2842 1508 2893 bene

445 2911 689 2979 gerendae
714 2912 786 2961 rei
811 2927 985 2963 casnm
1011 2913 1221 2966 offen-i:
1252 2917 1510 2968 Quorsum

443 3003 589 3052 ergo,
608 2988 651 3036 si
672 3002 806 3036 casus
824 2989 977 3051 daret,
997 2991 1048 3039 vi
1067 3006 1305 3042 eamn.
1341 2994 1506 3047 Gron.

510 3064 746 3114 Haterius
781 3080 885 3114 cam
919 3066 1145 3129 dixisset]
1180 3068 1509 3122 Ostendebat

443 3141 578 3192 enim
602 3142 858 3206 cognitam
882 3142 976 3192 sibi
1000 3156 1110 3194 esse
1132 3145 1506 3197 simulationem

441 3217 660 3279 Tiberii,
712 3218 800 3282 qui
844 3218 1005 3267 vellet
1049 3218 1258 3283 quidem
1301 3222 1506 3271 omnino

442 3296 719 3359 imperare,
757 3292 846 3342 sed
880 3294 1222 3357 cupiditatem
1252 3312 1394 3346 suam
1429 3305 1507 3348 te-

444 3378 609 3437 geret.
700 3369 762 3419 Id
808 3369 1134 3434 significabat
1178 3386 1370 3435 genere
1416 3373 1504 3422 iilo

440 3446 705 3512 loquendi,
741 3446 992 3510 Quousque
1008 3447 1229 3509 potieris,
1268 3449 1414 3512 quasi
1438 3449 1503 3499 de

440 3539 499 3575 re
537 3528 586 3575 in
611 3540 765 3574 manu
801 3541 861 3574 ac
896 3533 1157 3590 potestate
1188 3525 1381 3577 Tiberii
1414 3541 1504 3591 po-

439 3603 560 3652 sita.
596 3602 831 3652 Muretus.

505 3679 619 3728 Non
640 3680 799 3727 adesse
819 3682 960 3741 eaput
984 3676 1152 3741 Reip]
1181 3676 1503 3728 Sententiam

438 3754 615 3818 potius
638 3754 689 3801 iu
713 3753 810 3803 boc
847 3754 963 3802 loco
986 3752 1308 3816 expedimus,
1349 3767 1501 3818 quam

439 3828 617 3878 verba.
686 3829 867 3879 Lectio
885 3842 1036 3894 quam
1053 3829 1221 3893 posui,
1235 3844 1267 3878 a
1282 3829 1501 3880 Fet-reto

435 3911 536 3966 est,
557 3904 643 3969 qui
668 3911 930 3968 asseverat
953 3904 1005 3952 in
1036 3904 1295 3954 Medicaeo
1317 3904 1499 3955 codice

437 3980 513 4029 sie
556 3980 825 4043 scriptum.
912 3980 984 4029 Et
1026 3994 1120 4029 cur
1163 3979 1499 4042 ambigimus?

436 4056 712 4108 Sententia
760 4057 934 4105 hercle
968 4055 1332 4118 percommode
1380 4063 1494 4106 est:

437 4130 689 4182 offensum
723 4131 1004 4193 Tiberium,
1037 4145 1129 4195 pro
1166 4132 1363 4195 reliqua
1403 4146 1497 4181 sua

435 4208 705 4268 modestia,
721 4208 859 4272 quod
880 4213 1021 4272 capue
1043 4206 1185 4271 Κάρ.
1208 4207 1495 4257 nominare-

435 4288 542 4348 tur,
601 4283 691 4349 qui
734 4289 995 4350 tamquam
1040 4283 1207 4334 veteri
1251 4283 1494 4335 libertate

1166 414 1385 466 110¹?AE
1431 416 1836 467 vammum
1887 417 1969 467 IN

1598 572 1728 607 unus
1750 558 1911 609 veliet
1943 571 2056 609 esse
2091 574 2123 608 e
2161 560 2352 611 multis.
2419 561 2539 613 Nee
2574 560 2674 612 ab·

1591 634 1745 682 surde
1768 634 1953 696 legeris
1975 649 2006 684 e
2022 636 2265 698 vulgatis,
2287 652 2380 687 m
2400 651 2501 690 esse
2517 646 2668 703 αμα

1592 714 1641 758 te
1662 708 1841 772 Rem?
1875 712 2094 775 Lipsius.
2671 737 2676 741 ·

1661 786 1769 834 Non
1804 788 1963 835 adesse
1997 793 2137 850 caput
2172 789 2468 854 reipublicae]
2502 792 2664 844 Dicit

1592 861 1691 910 hoc
1725 862 1928 927 quidem
1958 864 2222 925 Fert-etus,
2262 865 2353 915 sed
2391 868 2532 918 aliud
2573 869 2668 920 Pt-

1594 937 1756 985 cheua
1779 944 2020 998 testatur,
2040 939 2110 989 ibi
2135 942 2234 1002 legi
2255 943 2503 1007 corrupte
2521 962 2537 1006 ;
2571 961 2670 996 παι

1592 1013 1750 1062 adesse
1768 1017 1907 1077 eaput
1929 1020 1976 1064 ts
1998 1016 2268 1079 reipublice
2280 1034 2299 1078 ,-
2333 1022 2671 1084 quemadmo-

1594 1088 1714 1137 dum
1755 1090 2064 1154 vulgabatur
2097 1094 2236 1156 olim,
2275 1105 2555 1161 autequam
2595 1099 2664 1150 Β.

1594 1164 1865 1214 Rhenanus
1886 1167 2193 1233 conjiceret,
2227 1172 2366 1234 quod
2399 1186 2538 1223 mmc
2575 1175 2669 1223 ba·

1595 1240 1764 1290 betur.
1831 1243 1930 1291 Cui
1967 1245 2173 1294 omniuo
2213 1247 2660 1311 acquiescendum

1592 1329 1799 1380 censeo,
1813 1325 1869 1366 et
1889 1317 2033 1380 illud,
2047 1335 2139 1369 non
2155 1335 2253 1371 esse
2267 1329 2410 1385 eaput
2426 1325 2666 1387 te,juxta

1591 1392 1829 1442 miserum
1853 1409 1915 1442 ae
1939 1409 2374 1458 supervacaneum
2387 1399 2572 1462 judico
2595 1415 2663 1451 ae

1593 1468 1873 1531 vernonii,
1924 1486 2016 1519 non
2066 1488 2162 1522 esse
2215 1476 2341 1538 opud
2396 1482 2446 1525 te
2493 1483 2661 1541 eaput.

1590 1545 1754 1610 AEque
1806 1545 2047 1612 περίεργος
2081 1550 2322 1600 Muretus
2377 1566 2493 1601 cum
2543 1568 2664 1618 suo,

1590 1622 1747 1671 adesse
1767 1629 1908 1687 caput
1937 1624 2226 1689 reipublice,
2264 1643 2381 1692 quae
2405 1630 2473 1678 sit
2504 1638 2661 1681 vetus

1592 1695 1849 1760 scriptura
1891 1713 1987 1762 pro
2029 1702 2203 1750 deese.
2293 1703 2434 1755 Quid
2480 1719 2662 1768 quse-to

1592 1773 1757 1834 opus?
1790 1780 1881 1822 aut
1901 1774 2027 1839 quid
2062 1776 2227 1825 miuus
2262 1785 2362 1840 est,
2389 1795 2483 1829 non
2503 1782 2663 1845 «dest,

1592 1861 1744 1911 quam
1763 1848 1931 1899 deest?
1982 1850 2146 1901 Immo
2179 1855 2356 1903 nescio
2391 1857 2520 1920 quid
2542 1871 2661 1921 gra-

1592 1924 1705 1972 vius
1726 1930 1781 1973 ct
1801 1925 2004 1976 suavius
2025 1928 2078 1976 in
2101 1928 2218 1978 isto.
2254 1929 2440 1978 Cicero
2457 1931 2629 1981 Bruto
2643 1948 2663 1982 ι

1590 1999 1606 2026 ‘
1630 1997 1932 2064 Intelligens
1958 2002 2161 2053 dicendi
2199 2005 2530 2056 existimator
2552 2021 2662 2057 uno

1592 2080 1813 2137 aspectu
1855 2082 1912 2125 et
1966 2079 2267 2140 praeteriens
2318 2079 2386 2129 de
2444 2089 2658 2132 oratore

1591 2163 1730 2212 sape
1745 2149 1968 2213 judicat.
2032 2153 2192 2203 Videt
2226 2156 2535 2206 oscitantem
2565 2158 2658 2221 ju-

1589 2224 1760 2274 dicem
1802 2227 2098 2291 loquentem
2144 2243 2262 2279 cum
2315 2232 2506 2294 altero,
2549 2238 2674 2300 ὅτε..

1590 2303 1838 2368 intelligit
1872 2313 2131 2356 oratorem
2169 2307 2220 2357 in
2259 2324 2324 2359 ea
2357 2324 2518 2359 causa
2550 2326 2657 2362 non

1590 2378 1792 2440 adesse,
1848 2377 1937 2445 qui
1981 2385 2144 2446 possit
2186 2386 2366 2436 animis
2406 2388 2658 2452 judicum

1588 2457 1860 2509 admovere
1913 2463 2218 2528 orationem,
2268 2468 2407 2518 sicut
2459 2468 2658 2520 fidibus

1586 2535 1831 2585 manum.'
1888 2536 2170 2589 Gronovius.
2239 2541 2353 2606 Ego
2396 2544 2552 2594 aliter
2592 2560 2658 2596 ae

1584 2607 1789 2670 Lipsius
1831 2610 2181 2675 interpretor:
2238 2618 2441 2668 scilicet
2494 2619 2661 2671 offen-

1586 2697 1698 2731 sum
1719 2683 1994 2751 Tiberium,
2015 2702 2116 2737 uon
2139 2690 2277 2755 quod
2300 2700 2443 2756 eaput
2461 2697 2658 2760 reipub-

1582 2756 1687 2806 lieae
1700 2761 2070 2827 nominaretur,
2085 2765 2178 2814 sed
2195 2767 2332 2832 quod
2352 2777 2495 2820 artes
2513 2785 2658 2838 snas,

1585 2848 1713 2898 quas
1746 2835 1968 2886 maxime
2007 2841 2237 2891 occultas
2261 2845 2440 2907 vellet,
2475 2845 2657 2912 detegi

1586 2906 1820 2957 videret:
1888 2913 2032 2975 qussi
2088 2914 2285 2967 dixerit
2353 2921 2612 2973 Haterius
2636 2940 2676 2974 τ’

1587 2985 1847 3035 Quamdiu
1870 2990 2039 3051 rogari
2059 2991 2171 3040 vis?
2204 2993 2417 3045 nimium
2447 3012 2541 3049 uos
2565 2998 2659 3051 de·

1584 3060 1738 3125 tiues,
1771 3077 1833 3111 ac
1873 3064 2156 3116 ludificaris
2197 3068 2309 3119 istis
2347 3073 2657 3138 ambagibus

1584 3135 1719 3185 tuis:
1754 3151 1821 3188 ue
1844 3140 2063 3203 amplius
2085 3142 2394 3212 dissimules,
2431 3150 2524 3199 sed
2537 3152 2655 3215 jam

1581 3212 1762 3276 accipe
1814 3214 2100 3278 imperium.
2195 3220 2437 3274 Fortasse
2488 3228 2653 3291 etiam

1581 3289 1874 3350 suspicatus
1896 3299 1977 3341 est
1995 3294 2229 3344 Tiberius
2254 3298 2392 3349 idem
2414 3300 2528 3352 fere
2549 3305 2655 3356 sibi

1583 3362 1864 3414 Haterium.
1911 3368 2129 3418 voluisse
2182 3378 2341 3438 atque
2395 3377 2505 3440 iile,
2560 3382 2654 3446 qui

1579 3439 1831 3491 Suetonio
1854 3442 2114 3496 referente
2136 3447 2189 3497 in
2209 3451 2295 3500 Ti.
2319 3467 2369 3503 e.
2386 3457 2470 3505 28.
2492 3455 2654 3523 dixit,

1580 3518 1596 3544 ⁴
1623 3514 1735 3566 Aut
1788 3526 1910 3581 agat
1964 3528 2054 3571 aut
2107 3523 2364 3578 desistat.¹
2416 3531 2652 3586 Pictam.

1580 3592 1724 3641 Beue
1743 3592 2116 3660 interpretatur
2149 3602 2371 3666 Lipsius.
2426 3607 2664 3660 sienim·

1578 3685 1636 3719 se
1675 3666 1874 3721 fatetur
1909 3674 2209 3739 reipublice
2246 3690 2427 3748 caput,
2465 3686 2664 3738 abolet·

1578 3760 1680 3795 una
1703 3759 1901 3813 omnem
1938 3759 2248 3813 potestatem
2288 3768 2515 3811 senatus.
2589 3765 2646 3816 Is

1578 3823 1711 3870 enim
1724 3836 1898 3873 verum
1919 3823 2122 3891 imperii
2138 3837 2299 3895 caput
2312 3850 2325 3882 ε
2344 3836 2483 3886 unde
2495 3838 2647 3891 Otho

1576 3896 1719 3947 Hist.
1742 3911 1782 3948 ι.
1803 3904 1881 3949 84.
1914 3902 1930 3929 ‘
1958 3903 2072 3952 Nec
2094 3905 2208 3956 illas
2225 3909 2474 3962 adversus
2498 3929 2654 3967 sena-

1576 3975 1686 4019 tum
1731 3986 1881 4023 voces
1925 3977 2059 4027 ullus
2109 3995 2331 4047 unquam
2374 3992 2643 4042 exercitus

1577 4045 1783 4097 audeat.
1873 4050 2047 4115 Caput
2090 4055 2292 4120 imperii
2335 4071 2394 4110 et
2446 4064 2642 4118 deeora

1574 4122 1796 4174 omnium
1818 4127 2232 4195 provinciarum‚’
2250 4137 2350 4186 dte.
2376 4137 2641 4193 Gruterus.

1572 4197 1667 4248 Vis
1682 4207 1738 4248 et
1753 4210 1957 4252 nostras
1974 4202 2198 4269 ineptias
2214 4209 2235 4256 ἱ
2268 4210 2513 4263 'l'iberins
2529 4216 2656 4268 diet·

1570 4273 1669 4326 sibi
1684 4278 1911 4340 putavit:
1945 4279 2230 4349 Quousque
2244 4285 2643 4356 sinesrempub..
