3050 4867
538 390 715 465 ⁴3⁶0
1171 406 1236 456 ο.
1268 408 1335 456 c.
1366 404 1623 456 'raeiri
1673 404 2112 456 munorum

623 551 726 616 Cl.
760 550 1111 616 Harlesius
1155 549 1265 636 (ut
1290 551 1360 614 id
1389 551 1601 615 obiter
1625 548 2094 633 memoremus)
2137 551 2208 614 in
2252 549 2558 614 Breviori
2589 548 2744 615 No-

537 654 686 722 fitia
741 653 1136 717 Literaturae
1193 652 1548 729 Romanae,
1611 652 1796 735 Lips.
1845 652 2042 717 1803.
2116 658 2306 717 notat
2367 652 2588 716 Taciti
2653 652 2744 716 dc

538 752 898 822 Germania
942 754 1235 817 libellum
1302 772 1419 836 per
1477 752 1711 818 Thom.
1760 752 2192 818 Alexandrin.
2231 754 2426 819 1481.
2476 755 2598 819 fol.
2653 754 2742 819 de

538 878 672 943 qua
700 857 804 921 ed.
832 856 1030 920 refert
1059 855 1144 919 ad
1175 874 1367 919 suum
1400 855 1612 939 Supp.
1651 872 1727 917 ιι.
1757 876 1826 940 p.
1852 856 1963 921 39.

626 962 649 993 ‘
680 958 863 1022 Rara
891 957 1243 1022 admodum
1271 963 1375 1021 est
1407 964 1473 1021 et
1515 959 1749 1040 paucis
1777 958 2042 1039 cognita
2067 957 2224 1021 edit.
2269 955 2351 1021 C.
2378 955 2600 1021 Taciti
2649 957 2738 1022 de

539 1059 710 1137 situ,
742 1059 1073 1137 Moribus,
1103 1062 1169 1123 et
1198 1059 1373 1141 Pop.
1402 1058 1779 1123 Germauiae
1812 1078 2049 1123 aureus
2074 1057 2204 1143 (ita
2229 1055 2496 1142 legitur)
2539 1060 2741 1123 libel-

535 1162 666 1229 lus.
756 1161 944 1245 Lips.
996 1162 1063 1224 iu
1120 1160 1379 1224 aedibus
1427 1159 1813 1242 wolfgangi
1868 1158 2295 1224 Monacensis
2342 1161 2536 1225 1502.
2575 1161 2742 1225 440:

539 1264 622 1329 C.
653 1263 834 1328 Frid.
866 1263 1073 1326 Henr.
1106 1261 1447 1344 Kliigling,
1477 1262 1546 1326 in
1575 1259 2050 1329 Additamenta
2096 1263 2166 1326 in
2210 1263 2291 1325 T.
2323 1262 2402 1328 G.
2438 1261 2741 1327 Harlesii

541 1362 928 1429 Breviorem
964 1362 1310 1426 Notitiam.
1400 1362 1587 1447 Lips-
1616 1361 1807 1427 1819.

626 1466 994 1531 Commeat.
1024 1472 1091 1530 et
1136 1463 1382 1529 Aunot.
1429 1466 1839 1531 doctissimae
1897 1468 1966 1530 in
2012 1466 2236 1531 Taciti
2281 1467 2744 1533 Germaniam.

539 1568 705 1633 Aur.
736 1568 940 1632 Vind.
960 1568 1155 1633 1515.

623 1669 905 1734 Tacitus
931 1676 998 1734 et
1025 1669 1327 1735 Velleius
1355 1667 1771 1745 Paterculus,
1798 1684 1887 1733 ex
1917 1668 2180 1734 officina
2212 1670 2516 1736 Frobenii
2547 1673 2744 1738 1521.

542 1771 757 1837 Catal.
793 1771 1210 1836 Universalis
1239 1769 1418 1835 Libr.
1446 1771 1563 1834 vol
1618 1787 1699 1832 u.
1732 1769 1812 1835 E.
1841 1791 1909 1855 p.
1935 1772 2088 1835 204.

624 1874 851 1939 Taciti
875 1872 1129 1957 Opera,
1159 1892 1310 1937 cum
1336 1873 1548 1937 notis:
1596 1873 1808 1938 Basil.
1840 1873 2023 1957 apud
2053 1872 2335 1940 Froben.
2363 1874 2481 1940 fol.
2512 1872 2714 1943 1543.

627 1975 971 2059 Bipontini
1043 1981 1406 2039 memorant
1478 1973 1763 2039 Hieron.
1836 1974 2070 2040 Canini
2137 1974 2529 2041 Versiouem
2585 1976 2743 2042 Ital.

539 2076 784 2144 Annal.
818 2085 984 2141 teste
1014 2077 1348 2141 Fabricio.
1437 2076 1512 2140 Si
1535 2082 1716 2141 recte
1745 2074 1961 2141 Catal.
1993 2078 2190 2143 Bodl.
2222 2094 2294 2142 se
2321 2079 2541 2157 hahet,
2571 2079 2745 2145 His-

537 2179 707 2244 toria
767 2178 1099 2260 Augusta,
1147 2179 1403 2255 Italico,
1454 2177 1628 2243 Ven.
1657 2169 1863 2244 Vinc.
1889 2179 2182 2263 Vaugris
2211 2180 2404 2246 1544.
2447 2184 2748 2247 continet

537 2286 678 2345 tum
711 2280 899 2346 Hist.
930 2288 1069 2347 tum
1096 2280 1409 2345 Annales.

626 2381 1003 2448 Concioues
1057 2404 1141 2448 cx
1201 2383 1444 2447 Tacito
1503 2383 1825 2449 eunome.
1931 2382 2331 2449 Excudebat
2397 2384 2748 2450 Heuricus

541 2484 917 2567 Stephanus
948 2486 1141 2550 1570.
1234 2484 1477 2567 Neque
1502 2484 1675 2548 hanc
1701 2484 1863 2550 edit.
1891 2485 2296 2569 percipimus
2340 2487 2410 2550 in
2456 2486 2749 2570 Stepha-

537 2602 770 2652 norum
832 2587 1161 2667 Historia,
1234 2590 1409 2652 vitas
1451 2586 1750 2669 ipsorum
1787 2593 1854 2650 et
1898 2587 2108 2652 libros
2150 2589 2655 2671 complectente,
2701 2610 2748 2654 a

536 2687 625 2752 cl.
678 2686 1038 2755 Maittario.
1124 2689 1260 2754 Sed
1312 2689 1465 2753 vide
1508 2690 1578 2753 in
1625 2690 1758 2754 loc.
1806 2688 2108 2774 catalog.
2150 2690 2345 2755 Bodl.
2391 2696 2552 2755 tom.
2590 2708 2676 2755 11.
2704 2711 2751 2757 a

540 2788 721 2855 Βοὴ.
763 2790 994 2855 Fisber
1022 2792 1181 2858 edit.

629 2892 813 2958 Huic
842 2895 1124 2959 similem
1156 2894 1365 2959 addas
1392 2894 1655 2960 Gallice
1682 2916 1802 2978 per
1832 2895 2019 2960 Belle
2049 2894 2351 2972 Foreste,
2379 2894 2546 2960 ibid.
2623 2924 2637 2933 ³

629 2983 984 3060 Orationes
1015 2995 1410 3061 adversariae
1460 2997 1539 3062 L.
1571 2995 1814 3061 Annoei
1859 2997 2135 3062 Senecae
2179 3002 2248 3061 et
2302 2997 2758 3080 Imperatoris

538 3094 835 3162 Neronis
866 3098 1157 3174 Claudii,
1192 3118 1281 3162 ex
1306 3096 1528 3164 Taciti
1559 3097 1798 3177 Annal-
1831 3100 1978 3164 Lib.
2014 3115 2204 3177 xum,
2250 3119 2401 3164 cum
2425 3098 2495 3163 J.
2521 3097 2752 3182 Lipsii

540 3200 1141 3279 observationibus,
1173 3202 1310 3264 4to.
1358 3200 1573 3267 Paris.
1598 3202 1791 3267 1577.

624 3298 852 3367 Taciti
905 3300 1164 3388 Opera.
1211 3324 1255 3369 a
1309 3301 1396 3369 G.
1452 3304 1767 3389 Bai-clay,
1824 3302 1977 3369 Svo.
2030 3304 2246 3371 Paris.
2296 3304 2493 3369 1579.
2560 3302 2756 3371 Mus.

442 3386 451 3394 ⁴
540 3403 797 3471 Britan.

629 3507 1205 3592 Novae-Antiquae
1237 3509 1585 3575 lectiones
1630 3511 1719 3575 ad
1759 3510 2096 3588 Tacitum,
2148 3528 2270 3594 per
2319 3508 2758 3575 Fredericum

540 3604 865 3675 Modium.
915 3608 1155 3675 Franc.
1198 3610 1351 3679 Svo.
1395 3612 1587 3678 1584.

625 3710 848 3776 Taciti
904 3713 1083 3778 Hist.
1130 3714 1317 3778 Libri
1363 3732 1463 3778 lv.
1506 3734 1661 3778 cum
1707 3717 1880 3780 uotis
1929 3714 2290 3793 Paschalieb
2351 3713 2470 3778 fol.
2517 3712 2758 3779 Paris·

540 3811 736 3880 1584.
772 3814 1145 3895 Fabricius,
1182 3817 1313 3881 vol.
1344 3819 1642 3896 alterum,
1674 3840 1741 3902 p.
1771 3821 1923 3883 755.
2033 3845 2044 3857 ·
2154 3876 2162 3886 .

628 3912 728 3980 La
804 3914 965 3982 Vita
1016 3918 1082 3983 di
1164 3917 1393 3984 Giulio
1450 3918 1771 4008 Agricola
1817 3924 2051 3987 scritta
2108 3921 2581 3993 sinceramente
2657 3917 2765 3987 (la

543 4015 850 4083 Cornelio
878 4020 1122 4086 Tacito
1150 4041 1273 4086 suo
1313 4042 1577 4100 genero,
1616 4031 1678 4086 et
1729 4023 1933 4088 missa
1963 4026 2030 4087 in
2057 4008 2325 4113 wig-are
2353 4021 2444 4085 da
2472 4019 2764 4086 Gionan

544 4115 772 4184 Maria
813 4123 1101 4187 Manelli.
1194 4124 1486 4213 Londra,
1525 4125 1708 4189 1585.
1763 4127 1946 4190 MuS.
1979 4118 2232 4199 Britain

631 4220 838 4299 Scoti,
873 4221 1288 4308 (Annibalis)
1317 4226 1384 4288 in
1432 4225 1510 4290 C.
1553 4224 1817 4291 Comei.
1861 4226 2080 4291 Taciti
2123 4224 2420 4289 Annales
2461 4230 2534 4288 et
2557 4220 2770 4291 Hist.

543 4316 910 4389 Oomment.
1000 4323 1266 4406 Romae,
1295 4327 1492 4395 1589.
1541 4328 1735 4395 Harl.
1763 4329 1980 4397 catal.
2009 4328 2146 4395 vol.
2177 4344 2229 4393 1.
2259 4347 2332 4414 p.
2356 4324 2510 4395 228.
