3050 4867
1141 357 1208 405 c.
1256 357 1321 404 c.
1367 354 1650 411 τΑοιτι.
1987 364 1995 372 ·
2311 336 2485 405 4527

302 503 453 572 1637
535 504 978 575 Amstelodami,
1034 513 1133 565 24.
1175 523 1247 563 ex
1273 522 1395 562 rec.
1436 502 1600 581 Lips.
1650 510 1713 563 et
1756 501 1837 561 Is.
1895 501 2170 563 Pontani.
2210 506 2329 582 Ap.
2388 505 2479 564 Jo.

316 646 326 657 .
372 601 759 661 Janssonium.
805 599 1027 660 Futilis.

293 696 732 775 —Antverpioe,
776 695 882 756 sol.
927 694 1109 773 Lipsii
1134 708 1299 753 11111.
1337 713 1414 753 ex
1438 692 1599 755 offic.
1643 693 1836 755 Plant.

292 792 705 863 —Florentiae,
748 792 851 853 fol.
909 791 1112 852 latine
1141 801 1202 851 et
1229 791 1435 851 Italice
1460 810 1571 869 per
1596 792 1817 851 Bernh.
1858 790 2205 851 Davanzati.

299 887 450 951 1648
533 890 883 969 Antverpiae,
909 888 1011 949 fol.
1055 907 1153 967 ap.
1195 887 1445 949 Plantin.
1492 888 1670 966 Lipsii
1697 905 1845 947 xlv.
1878 907 2013 948 cum
2044 888 2261 949 Velleio
2289 889 2487 950 Pater-

372 987 532 1047 culo.
600 988 670 1049 In
699 988 904 1048 charta
932 984 1180 1046 subflavi
1208 985 1420 1045 coloris
1448 985 1697 1064 pulchre
1725 985 2058 1065 exscripta3
2103 985 2485 1065 additumque

375 1083 555 1143 habet
580 1083 737 1162 disp.
778 1083 931 1143 cod.
975 1081 1298 1143 Mirandul.
1338 1088 1455 1142 &c-

299 1177 454 1249 1667
533 1189 599 1240 et
653 1176 802 1243 1663
850 1178 996 1239 ibid.
1057 1179 1160 1240 fol.
1221 1179 1399 1256 Lipsii
1441 1194 1560 1239 xv·
1618 1177 1843 1238 ultima.
1888 1184 1906 1212 ‘
1929 1177 2003 1237 C.
2064 1179 2244 1238 Corn.
2285 1179 2487 1241 Taciti

374 1276 593 1354 Opera,
655 1294 789 1353 quae
811 1276 1063 1347 exstant,
1105 1293 1141 1334 a
1167 1275 1224 1334 ,1.
1269 1274 1494 1354 Lipsiio
1521 1282 1877 1354 postremum
1906 1273 2208 1345 recensita,
2245 1274 2486 1353 ejusque

372 1368 560 1429 auctis
608 1369 1044 1449 emendatisque
1098 1370 1526 1430 commentariis
1585 1370 1892 1430 illustrata.
1934 1373 2084 1430 Item
2112 1372 2186 1431 C.
2228 1371 2486 1430 Velleius

373 1465 716 1525 Paterculus
767 1485 904 1525 cum
956 1464 1151 1543 ejusd.
1193 1466 1252 1525 J.
1298 1465 1482 1544 Lipsii
1508 1465 1872 1525 auctioribus
1900 1466 2077 1526 notis.
2127 1465 2485 1545 Antverpiae,

374 1581 445 1619 ex
474 1560 578 1620 off.
621 1561 979 1621 Plautiniana
1007 1560 1363 1621 Balthasaris
1393 1560 1651 1621 Moreti.’
1691 1561 2010 1639 Catalogue
2030 1562 2294 1623 raisonne
2315 1561 2390 1623 de
2419 1563 2482 1622 Ρ.

373 1660 445 1716 Α.
489 1658 792 1718 Crevenna
818 1657 954 1718 Vol.
998 1672 1060 1715 v.
1103 1675 1165 1735 p.
1216 1656 1351 1718 160.

639 1817 866 1878 AETAS
908 1833 1005 1878 vl.
1048 1817 2151 1880 PICHENo-BERNEGGER1ANA

998 1949 1046 1989 s.
1092 1929 1790 1990 FREINSHEMIANA.

290 2068 441 2131 Tres
468 2091 539 2132 ea
579 2071 712 2132 tulit
749 2072 1010 2150 egregios
1052 2071 1253 2132 Taciti
1306 2072 1727 2151 recognitores,
1770 2075 2223 2153 Berneggerum,
2285 2073 2484 2135 Frein-

374 2169 676 2241 shemium,
705 2178 766 2228 et
793 2169 1085 2228 Grotinm.

299 2261 448 2326 1638
534 2264 928 2343 Argentorati,
979 2272 1036 2325 8.
1077 2265 1148 2326 C.
1193 2265 1373 2326 Corn.
1414 2264 1669 2326 Tacitus
1696 2278 2011 2327 accuraute
2041 2267 2298 2327 Matthia
2346 2269 2488 2328 Ber-

374 2362 883 2439 neggero.-—Quae
909 2361 1182 2423 Pichenoe
1219 2370 1446 2423 textum
1494 2360 1617 2422 fere
1661 2371 1851 2422 totum
1890 2364 2155 2435 servavit,
2185 2365 2378 2442 pravis
2409 2363 2485 2423 de

372 2457 709 2534 conjectura
751 2457 1077 2529 doctorum,
1121 2456 1297 2518 etiam
1347 2458 1444 2517 Jo.
1489 2457 1896 2530 Freinshemii,
1941 2460 2204 2520 mutatis.
2287 2464 2488 2540 Atque

372 2553 467 2613 bic
514 2554 883 2632 (Berneggeri
922 2556 1121 2632 gener)
1171 2554 1594 2633 expositionem
1624 2554 1886 2614 locorum
1931 2556 2009 2615 ab
2063 2556 2482 2634 interpretibus

371 2649 719 2709 intactorum
747 2658 848 2709 aut
875 2670 1046 2710 secus
1075 2659 1451 2728 acceptorum
1491 2650 1781 2728 adjunxit.
1826 2653 2101 2712 Ceterum
2147 2663 2487 2729 argumenta

370 2744 429 2803 in
456 2764 678 2805 summa
704 2746 922 2826 pagina
948 2746 1263 2825 inscripta3
1332 2747 1650 2824 marginem
1690 2746 1983 2817 obsident,
2033 2748 2112 2807 ab
2154 2748 2269 2808 alia
2323 2759 2486 2826 parte

369 2840 812 2918 parallelismus,
839 2841 916 2901 ab
940 2842 1124 2902 altera
1152 2861 1424 2902 numerus
1457 2861 1749 2914 versuum,
1794 2845 1868 2902 ad
1901 2863 2050 2923 quos
2095 2844 2270 2904 etiam
2311 2844 2488 2904 reser-

372 2946 468 2996 tur
501 2938 685 2999 Index
717 2939 1148 3018 copiosissimus
1175 2949 1235 2999 et
1258 2958 1451 2999 rerum
1476 2951 1537 2998 et
1560 2940 1866 2999 verborum
1896 2961 1934 2999 a
1963 2939 2184 2999 Melch.
2228 2940 2483 3003 Freinsh.

373 3032 697 3094 confectus.
740 3034 942 3094 Editio
968 3044 1249 3115 praestans
1277 3034 1542 3094 bonitate
1563 3035 1745 3113 magis
1789 3054 1964 3112 quam
1992 3034 2300 3115 elegantia.

451 3130 551 3189 Jo.
596 3130 1020 3190 Freinshemius
1046 3130 1221 3190 etiam
1268 3129 1638 3207 Argentorati
1689 3149 1785 3190 an.
1835 3130 2010 3192 1641.
2073 3132 2486 3210 paraphraseos

372 3224 734 3286 Cornelianae
769 3227 1063 3305 specimen
1092 3226 1302 3285 Annal.
1346 3226 1525 3285 libros
1556 3240 1649 3285 vl.
1692 3228 2088 3305 complectens
2117 3227 2323 3289 edidit.

298 3320 453 3381 1640
533 3321 807 3400 Lugduni
833 3325 965 3382 Bat.
999 3331 1091 3384 12.
1141 3330 1158 3357 ‘
1186 3324 1256 3382 C.
1297 3322 1476 3383 Corn.
1518 3323 1769 3382 Tacitus
1797 3343 1869 3382 ex
1896 3325 1954 3382 ,1.
1997 3323 2176 3401 Lipsii
2203 3323 2484 3397 editione,

372 3436 505 3476 cum
532 3418 685 3477 notis
712 3426 775 3477 et
801 3416 1073 3478 emendd.
1115 3419 1272 3496 Hug.
1316 3417 1529 3477 Grotii.
1573 3416 1765 3496 Ludg.
1791 3420 1866 3479 B.
1896 3439 1967 3476 ex
1996 3418 2228 3479 officina
2255 3421 2487 3481 Elzevi-

370 3512 570 3572 riana.'
611 3514 723 3573 Cui
751 3525 812 3574 et
836 3514 918 3573 ob
941 3514 1137 3574 Grotii
1186 3513 1577 3573 recensionem
1619 3524 1928 3594 notasque,
1976 3523 2035 3574 et
2079 3515 2159 3574 ob
2209 3526 2483 3596 typorum

379 3609 650 3682 nitorem,
680 3611 883 3689 primae
911 3611 1061 3671 inter
1088 3610 1320 3670 minoris
1348 3609 1551 3670 formae
1577 3609 1718 3671 edd.
1760 3610 2067 3670 debentur.

295 3704 451 3767 1643
536 3705 976 3778 Amstelodami,
1032 3716 1123 3769 12.
1191 3705 1507 3766 Boxhornii
1561 3723 1608 3765 1.
1655 3714 1671 3740 ‘
1704 3706 1776 3767 C.
1820 3707 2001 3768 Corn.
2038 3706 2310 3777 Tacitus,
2331 3717 2388 3767 et
2420 3708 2480 3766 in

371 3821 510 3862 eum
558 3804 643 3863 M.
728 3802 921 3863 Zuerii
975 3803 1290 3864 Boxbornii
1355 3801 1817 3862 observationes.
1886 3803 2135 3862 Amstel.
2204 3824 2277 3862 ex
2322 3802 2479 3878 offic..

367 3899 663 3961 Jansson.'

297 3992 449 4054 1645
530 3993 802 4066 venetiis,
856 4004 949 4056 12.
995 4001 1013 4029 ‘
1044 3996 1117 4054 C.
1161 3997 1339 4055 Corn.
1377 3993 1647 4066 Tacitus,
1690 4003 1750 4054 et
1804 3992 1864 4052 in
1918 3996 2054 4053 eutn'
2083 3996 2172 4053 Μ.
2216 3994 2282 4054 Ζ.
2327 3995 2482 4053 Box-

372 4090 559 4152 hornii
585 4102 647 4153 et
673 4092 753 4152 H.
794 4090 992 4164 Grotii
1011 4091 1173 4151 obss.
1214 4090 1492 4163 venetiis,
1521 4110 1619 4171 ap.
1650 4092 1685 4151 J
1690 4097 1858 4171 untas
1882 4098 1941 4150 et
1964 4089 2166 4151 Baba.'
