3050 4867
26 582 53 1119 nunu-33⁴⁴

24 3152 26 3161 v
24 3050 27 3079 ἡ
24 2968 29 2997 -.
24 2886 29 2917 .-.
24 2804 29 2835 q
24 2724 27 2753 u
23 2642 31 2675 —-
24 2556 33 2595 -
24 2396 35 2513 -u-r-
24 2314 35 2351 “
26 2234 35 2269 v·-
26 2062 37 2187 “-“
28 1990 37 2021 ι-
28 1906 39 1939 σι
25 1748 39 1863 Ἵ-

976 346 1053 397 iu
1106 343 1251 395 mu.
1298 344 1398 393 ιν.
1444 342 1883 393 Anxanum.
2356 323 2530 392 m

577 792 1139 872 EXCURSUS
1200 795 1381 869 AD.
1423 797 1828 871 ANNAL.
1891 797 2104 871 LIB.
2153 796 2292 870 w.

1401 1018 1469 1067 A.

401 1147 535 1198 CAr.
558 1150 641 1198 42.
670 1147 895 1197 Rursum
921 1146 1055 1209 lege,
1073 1152 1305 1194 matrona
1323 1144 1548 1195 adulteri
1572 1160 1680 1204 rea,
1696 1145 1882 1195 marito
1906 1146 2148 1208 permissa
2172 1143 2525 1208 cognatisque.

334 1225 401 1289 li,
420 1227 498 1278 uti
526 1227 710 1289 visum,
734 1226 1046 1288 multabant,
1068 1223 1369 1290 puniebant.
1422 1227 1521 1274 Sed
1548 1233 1787 1275 utrumne
1809 1227 2007 1275 morte?
2055 1226 2211 1288 Puto,
2233 1222 2526 1274 verecunde

343 1316 528 1356 contra
553 1307 713 1356 virum
737 1307 963 1367 doctum,
990 1305 1211 1355 licuisse.
1280 1306 1355 1354 Ex
1380 1306 1645 1371 Dionysio,
1682 1308 1769 1371 qui
1807 1309 1925 1370 lege
1968 1306 2110 1369 regia
2132 1307 2371 1355 maritum
2403 1319 2524 1355 cou-

332 1389 503 1438 stituit
525 1386 681 1452 κύρων
699 1388 788 1435 τοῦ
800 1384 1031 1448 μεγέθους
1062 1386 1149 1444 τῆς
1168 1384 1399 1449 τιμωρίας,
1419 1385 1654 1436 arbitrum
1686 1387 2031 1449 magnitudinis
2063 1402 2227 1451 poeuoe.
2294 1386 2371 1435 Ex
2412 1385 2526 1434 iure

330 1470 442 1534 ipso
465 1485 478 1518 :
515 1470 636 1534 quia
659 1469 842 1518 mulier
858 1483 973 1532 qua
1004 1468 1159 1530 juxta
1181 1475 1412 1516 sacratas
1436 1462 1642 1515 Romuli
1663 1468 1805 1530 leges
1831 1460 2012 1532 nupta,
2039 1467 2115 1516 ita
2150 1469 2200 1516 iu
2238 1480 2387 1516 manu
2412 1462 2528 1529 (tiri,

330 1558 390 1599 ut
415 1551 585 1614 proles
605 1549 655 1596 in
679 1549 857 1613 patris.
924 1548 1002 1596 Ex
1024 1546 1243 1596 Tacito:
1279 1545 1416 1610 apud
1439 1559 1588 1609 quem
1622 1548 1639 1575 ‘
1661 1545 1921 1608 Plautius,
1953 1547 2123 1610 prisco
2158 1546 2418 1608 instituto,
2455 1546 2524 1595 de

329 1630 501 1694 capite
525 1628 765 1694 famaque
788 1628 1040 1691 conjugis,
1060 1627 1362 1692 propinquis
1382 1627 1855 1690 coram‚cognovit,
1879 1635 1934 1677 et
1957 1629 2211 1677 insontem
2237 1626 2532 1677 nuntiavit?

329 1709 437 1770 Ait,
462 1710 868 1772 eopitesamaque.
931 1707 987 1757 Si
1011 1708 1064 1756 iu
1087 1707 1470 1771 superstitionis
1492 1707 1705 1756 crimine
1728 1707 1913 1756 marito
1937 1707 1988 1755 id
2004 1708 2158 1771 juris,
2189 1707 2346 1757 credo
2384 1714 2440 1756 et
2465 1705 2519 1754 in

328 1789 591 1840 adulterii.
658 1790 719 1839 In
745 1803 831 1838 eas
854 1804 969 1854 qnae
992 1789 1155 1838 sacris
1180 1788 1578 1837 Bacchanalium
1601 1788 1804 1836 incestu
1838 1802 1964 1846 usae,
2004 1788 2214 1850 cognati
2247 1787 2520 1850 maritique

328 1871 465 1919 intra
487 1869 664 1919 domos
689 1870 1187 1931 animadverterunt,
1226 1869 1369 1919 aiunt
1390 1869 1566 1918 Livius
1584 1875 1638 1917 et
1660 1869 1923 1917 Valerius:
1959 1882 2057 1917 nec
2081 1867 2279 1929 dubito,
2318 1866 2437 1931 quin
2458 1880 2520 1916 ea

328 1948 699 1998 animadversio
739 1948 803 1997 ad
836 1956 995 2013 caput
1030 1948 1356 2012 pertinuerit.
1424 1941 1664 2012 Denique
1704 1948 1956 2012 Egnatius
1991 1948 2244 2011 quispiam
2283 1962 2518 2009 uxorem,

328 2029 464 2093 qnod
490 2030 661 2078 viuum
683 2028 915 2091 bibisset,
939 2028 1061 2078 fusti
1083 2030 1368 2087 interemit,
1391 2027 1548 2093 idque
1570 2025 1762 2077 factum
1786 2043 1886 2078 non
1911 2028 2062 2077 modo
2085 2035 2406 2088 accusatore,
2424 2027 2519 2079 sed

328 2111 485 2158 etiam
512 2109 881 2173 reprehensore
905 2109 1099 2159 caruit:
1136 2108 1310 2173 quidni
1347 2107 1482 2158 idem
1511 2109 1645 2172 juris
1669 2109 1720 2157 in
1742 2109 1965 2172 graviori
1995 2110 2149 2172 culpa
2183 2108 2281 2157 sit?
2347 2107 2520 2171 Argu-

326 2197 553 2239 mentum
579 2205 610 2240 a
633 2190 832 2240 Catone
855 2202 956 2238 non
979 2196 1171 2253 petam,
1206 2190 1293 2254 qui
1329 2188 1435 2238 ait:
1472 2193 1487 2217 ‘
1509 2190 1572 2238 In
1606 2188 1861 2239 adulterio
1895 2204 2106 2240 uxorem
2144 2198 2282 2240 tuam
2322 2191 2363 2239 si
2400 2203 2516 2254 pre-

329 2269 611 2335 hendisses‚
651 2270 859 2334 impune
882 2284 1096 2319 necares
1117 2269 1150 2329 3'
1184 2284 1367 2317 vanum
1391 2269 1561 2330 enlm,
1595 2277 1648 2318 et
1673 2270 1933 2333 pertinere
1971 2277 2171 2320 tantum
2207 2269 2414 2319 videtur
2450 2269 2516 2318 ad

328 2350 715 2414 deprehensam.
794 2351 994 2400 Tamen
1025 2352 1123 2401 hoc
1162 2349 1349 2412 fateor,
1387 2365 1451 2399 eo
1485 2364 1666 2400 severo
1694 2351 1815 2414 jure
1856 2365 2105 2415 perquam
2145 2365 2261 2400 raro
2299 2350 2516 2400 maritos

327 2444 472 2479 usos:
507 2431 837 2496 moribusque
862 2437 1128 2495 receptum
1153 2430 1372 2490 videtur,
1405 2436 1461 2479 ut
1482 2429 1767 2480 adulteram
1792 2431 1928 2494 apud
1953 2437 2202 2494 cognatos
2225 2430 2513 2480 convictam

325 2506 476 2560 domo
499 2513 682 2563 saltem
706 2513 996 2577 exigerent,
1032 2512 1416 2575 multarentque
1436 2510 1578 2561 dote.
1644 2511 1708 2561 Id
1737 2512 1826 2575 jus
1851 2511 1988 2577 (sive
2009 2525 2117 2559 mos
2137 2509 2262 2575 fuit)
2291 2510 2512 2561 Plautus

324 2591 523 2643 indicat
560 2593 972 2656 Amphitruone:
1006 2596 1022 2622 ‘
1044 2593 1182 2646 Quid
1206 2593 1248 2641 si
1273 2591 1476 2642 adduco
1511 2599 1655 2641 tuum
1699 2598 1976 2656 cognatum
2012 2592 2113 2641 huc
2149 2606 2179 2640 a
2214 2591 2331 2641 navi
2373 2592 2512 2642 Nau·

324 2681 544 2736 cratem,
567 2675 673 2727 Qui
697 2690 894 2724 mecum
921 2690 1023 2724 una
1047 2681 1199 2723 vectu
1223 2673 1308 2736 'st,
1326 2688 1429 2722 una
1446 2674 1600 2722 navi?
1635 2680 1793 2738 atque
1817 2673 1859 2722 is
1884 2674 1925 2722 si
1951 2672 2174 2736 denegat
2200 2674 2380 2735 Facta,
2399 2687 2515 2737 quas

324 2761 381 2801 tu
407 2753 549 2805 sacta
572 2755 724 2816 dicis,
748 2754 874 2820 quid
901 2755 997 2804 tibi
1023 2770 1225 2820 aequum
1249 2760 1330 2804 eat
1352 2753 1464 2803 fieri
1487 2754 1508 2802 ?
1575 2753 1839 2817 Numquid
1864 2767 2088 2803 caussam
2113 2753 2260 2813 dicis,
2298 2753 2421 2817 quin
2463 2761 2517 2803 te

322 2836 417 2884 hoc
437 2836 648 2884 multem
672 2836 1000 2885 matrimonio
1019 2834 1055 2883 θ’
1122 2836 1191 2884 Et
1233 2833 1513 2897 respondet
1550 2834 1752 2896 mulier,
1781 2833 1871 2883 ‘Si
1902 2833 2114 2898 deliqui,
2157 2833 2298 2882 nulla
2331 2847 2516 2885 caussa

321 2915 436 2964 est.²
502 2916 572 2966 Et
600 2917 737 2966 clare
771 2917 1008 2966 Valerius
1032 2916 1123 2966 lib.
1150 2929 1276 2965 vm.
1311 2931 1429 2978 cap.
1451 2920 1501 2964 2.
1557 2917 1573 2943 ‘
1600 2917 1729 2963 Cum
1772 2916 1833 2964 C.
1875 2914 2095 2965 'I'itiuius
2137 2914 2513 2964 Minturnensis

321 2996 570 3044 Fanniam
596 3011 821 3058 uxorem,
842 3011 994 3062 quam
1016 2995 1331 3060 impudicam
1368 2995 1435 3044 de
1479 2994 1737 3044 industria
1759 2992 2001 3054 duxerat,
2039 3007 2101 3042 eo
2124 2994 2336 3043 crimine
2358 3008 2513 3058 repu-

321 3074 512 3124 diatam
536 3077 759 3139 spoliare
778 3077 901 3126 dote
923 3081 1230 3127 conaretur!
1292 3075 1504 3124 Portius
1528 3076 1708 3135 Latro,
1746 3080 1931 3123 contra
1962 3072 2281 3122 adulteram:
2318 3075 2333 3101 ‘
2357 3073 2518 3137 Illud,

308 3155 535 3219 judices,
556 3156 677 3206 milii
702 3163 960 3207 tormento
980 3164 1083 3218 est,
1106 3156 1243 3220 quod
1268 3163 1446 3206 notatu
1461 3155 1662 3219 judicio
1682 3169 1822 3214 vero,
1841 3160 1898 3203 ut
1921 3154 2318 3217 multiplicatam
2341 3154 2516 3205 dotem

318 3236 539 3297 perdat3
573 3237 689 3300 plus
726 3243 896 3286 tamen
933 3250 999 3285 ex
1038 3242 1237 3300 qnoestu
1277 3234 1455 3295 habet,
1500 3236 1615 3298 plus
1649 3234 1889 3284 habitura
1930 3242 2026 3297 est,
2069 3249 2220 3298 quam
2264 3244 2514 3300 quantum

317 3314 577 3365 damnatae
616 3315 933 3379 perdendum
978 3315 1095 3366 est!
1160 3316 1292 3365 Haec
1338 3315 1627 3379 antiquitus
1668 3314 1953 3365 obtinuisse
1995 3314 2268 3365 videntur:
2326 3316 2511 3381 quibua

322 3395 488 3445 addo:
521 3396 576 3444 Si
598 3396 772 3445 mariti
795 3395 1104 3461 cognatique
1127 3394 1539 3456 dissimulabant,
1559 3402 1669 3456 aut,
1689 3403 1749 3446 ut
1770 3395 1903 3445 Livii
1926 3396 2100 3445 verbis
2124 3406 2263 3459 utar,
2295 3396 2509 3447 idoneus

318 3477 372 3525 in
397 3475 602 3538 privato
642 3474 885 3539 supplicii
923 3483 1138 3526 exactor
1173 3490 1324 3525 nemo
1362 3482 1505 3535 erat;
1544 3490 1646 3525 non
1682 3491 1818 3538 raro,
1858 3477 2066 3540 publico
2093 3477 2311 3541 judicio,
2343 3491 2514 3541 perse·

319 3555 570 3620 quebatur
593 3553 644 3603 id
679 3555 869 3604 crimen
889 3555 1237 3619 magistratus.
1305 3557 1374 3605 Et
1396 3556 1704 3620 ‚praesertim
1727 3556 1942 3606 AEdilis:
1977 3571 2037 3607 ac
2076 3557 2343 3608 damnatos
2364 3557 2507 3607 dam·

318 3642 566 3697 natasque
608 3634 743 3698 apud
781 3635 1025 3699 populum
1066 3635 1269 3700 reperio
1307 3635 1602 3698 pecuniaria
1638 3637 1819 3696 multa,
1861 3636 1963 3685 imo
2004 3637 2186 3686 exsilio
2228 3636 2507 3689 interdum.

316 3716 572 3779 Exempla
614 3716 803 3765 adduxi
843 3730 1014 3780 supra,
1045 3716 1113 3765 de
1133 3716 1373 3766 Vistilia:
1409 3722 1463 3765 et
1486 3730 1623 3767 nunc
1643 3729 1747 3764 non
1785 3729 1995 3779 repono.
2063 3716 2216 3767 Adde
2239 3732 2270 3766 e
2301 3717 2510 3767 Valerio

316 3796 382 3846 de
400 3797 498 3847 Cn.
520 3796 704 3858 Sergio
737 3796 865 3859 Silo,
894 3798 909 3824 ‘
933 3796 1018 3845 cui
1040 3796 1405 3859 promissorum
1438 3794 1801 3845 matrifamiliae
1846 3810 2163 3846 nummorum
2193 3798 2359 3861 gratia
2395 3797 2507 3847 dies

315 3876 381 3925 ad
406 3877 651 3940 populum
679 3876 839 3937 dicta,
862 3875 1265 3941 damnatusque?
1330 3875 1447 3925 Lib.
1482 3890 1561 3925 vr.
1596 3876 1711 3925 Nec
1754 3878 1906 3939 plura
1948 3878 2150 3941 reperio
2183 3879 2355 3940 prisco
2377 3888 2510 3928 nvo.

314 3956 427 4005 Lex
442 3957 582 4008 Julla
604 3962 785 4005 secuta
805 3963 905 4017 est,
927 3954 1130 4005 ferente
1148 3955 1402 4019 Augusto.
1468 3956 1634 4003 Poena
1656 3955 1764 4018 ejus
1787 3956 1841 4005 in
1864 3956 2122 4005 volumine
2142 3957 2504 4020 Digestorum,

313 4037 451 4101 quod
475 4037 736 4100 miremur,
769 4051 872 4086 nou
892 4051 1170 4101 expressa:
1204 4044 1261 4086 et
1280 4036 1397 4086 ideo
1432 4051 1623 4086 serram
1647 4036 1782 4085 inter
1801 4051 1856 4086 se
1878 4038 2211 4099 reciprocant
2232 4038 2325 4087 viri
2341 4039 2504 4091 docti.

314 4116 603 4180 capitalem
625 4131 737 4166 eam
760 4115 918 4167 fuisse
958 4119 1133 4182 plures
1176 4124 1467 4180 senserunt,
1500 4116 1923 4181 deterioresque:
1960 4118 2351 4181 Relegatiouem
2391 4126 2504 4173 tau-

315 4205 443 4260 tum,
481 4197 635 4260 pauci
669 4196 907 4263 bonique.
975 4199 1046 4250 Et
1066 4199 1241 4250 hercle
1262 4212 1366 4249 non
1402 4196 1502 4248 fuit
1544 4211 1702 4248 mors.
1767 4198 1850 4247 Ex
1878 4197 2047 4249 Taciti
2070 4197 2239 4251 verbis
2262 4199 2390 4251 libro
2412 4212 2502 4252 nr.
