3050 4867
536 261 719 331 4544
976 278 1368 333 nscsssus
1415 280 1760 331 conrcuu
1806 282 1876 332 c.
1913 283 1980 332 c.
2027 282 2286 333 'raom

537 450 801 516 nempe,
831 426 1051 495 Taciti
1083 430 1346 515 stylum,
1392 439 1465 495 ut
1512 431 1804 495 nonnulli
1833 430 2049 497 dicere
2075 436 2311 512 solent,
2351 453 2501 501 esse
2541 434 2766 501 horri-

539 531 700 599 dum
731 552 785 594 c·
825 533 1206 614 spinosum3
1254 533 1594 596 tersiorem
1636 534 1865 597 saltem
1911 542 1976 598 et
2022 536 2499 613 obscuriorem,
2539 557 2760 621 quam

536 639 655 723 qni
706 636 1186 701 somniantibus
1214 635 1436 717 possit
1463 637 1643 718 capi.
1749 635 1830 699 Et
1859 639 2122 720 penitus
2153 659 2290 704 rem
2319 642 2596 703 intuenti
2628 660 2762 725 ap-

532 740 816 825 parebit,
839 758 954 801 eos
973 738 1326 819 scriptores
1354 736 1681 801 classicos
1709 739 1940 820 potius
1961 742 2311 805 transcribi
2343 743 2577 806 solitos
2595 762 2757 809 esse

536 842 658 927 qui
685 844 966 924 possent
993 840 1322 921 promtius
1348 840 1653 921 intelligi,
1701 843 1906 924 etqui
1937 842 2005 905 iu
2032 843 2279 909 scholis
2307 850 2374 907 et
2395 864 2756 926 puerorum

532 943 841 1009 manibus
871 946 1253 1018 tererentur,
1305 960 1504 1023 quam
1563 943 1675 1023 qui
1720 941 2130 1024 philosophis
2153 948 2219 1007 et
2245 942 2406 1007 viris
2447 944 2754 1026 politicis

529 1044 882 1129 plurimum
936 1040 1611 1106 accommodarentur.
1699 1041 1889 1105 Talis
1931 1042 2056 1106 fuit
2105 1044 2284 1128 apud
2337 1046 2752 1121 monasticos

533 1144 929 1228 discipliua3
976 1150 1044 1207 et
1086 1144 1156 1207 iu
1203 1142 1479 1205 saeculis
1525 1142 1659 1205 illis
1708 1144 2203 1223 semibarbariS,
2255 1147 2324 1209 in
2372 1150 2624 1232 quibus
2676 1150 2753 1213 in

529 1254 795 1335 promtu
839 1250 983 1309 erat
1025 1243 1468 1320 scholasticiS,
1507 1242 1892 1307 hominibus
1937 1247 2140 1309 etiam
2187 1248 2749 1330 prudentioribus,

530 1349 769 1426 dicere,
822 1351 843 1380 ‘
874 1345 1115 1411 Graece
1156 1351 1279 1421 est,
1309 1363 1440 1409 non
1484 1351 1704 1427 potest
1745 1345 1923 1427 legi,'
1969 1349 2329 1430 putandum
2375 1352 2464 1415 sit
2507 1350 2747 1416 eadem

526 1470 722 1535 paeue
751 1449 832 1512 de
861 1447 1087 1511 Taciti
1114 1445 1482 1510 Latinismo
1508 1444 1718 1508 fuisse
1739 1445 2056 1513 dicturos.

618 1550 822 1630 Quod
853 1550 1053 1630 igitur
1093 1546 1139 1611 J
1145 1552 1331 1612 ustus
1375 1545 1646 1629 Lipsius
1691 1546 1994 1628 affirmat,
2037 1550 2262 1617 Taciti
2308 1552 2483 1618 Mss.
2514 1574 2744 1621 exem-

527 1653 801 1739 plaria‘
828 1652 1052 1735 spisso
1081 1654 1149 1712 et
1177 1648 1295 1712 vix
1325 1648 1391 1710 iu
1426 1645 1738 1730 Europa
1719 1651 2043 1729 inveniril
2087 1658 2157 1716 ut
2205 1658 2309 1717 est
2349 1655 2446 1718 rei
2485 1662 2742 1721 naturae

529 1761 1073 1830 consentaneum,
1125 1752 1226 1815 sic
1271 1751 1473 1814 ctiam
1524 1751 1851 1834 exemplis
1902 1773 2053 1837 quae
2102 1754 2551 1833 bibliothecae,
2603 1763 2744 1835 tam

524 1859 807 1941 privatae
852 1875 1053 1940 quam
1075 1850 1388 1936 publicae,
1436 1853 1885 1935 suppeditant,
1912 1855 2234 1937 probatur
2260 1863 2326 1920 et
2350 1857 2746 1933 illustratur
2853 1898 2870 1915 ·

526 1957 729 2037 Quod
786 1958 872 2022 ad
935 1958 1260 2041 privatas,
1322 1953 1741 2033 Piuelliana,¹
1803 1955 2249 2035 Askeuiana,⁸
2313 1958 2746 2041 Burneiana,³

528 2079 809 2145 quarum
854 2061 1090 2143 prima,
1122 2060 1284 2122 inter
1313 2057 1833 2140 quamplurimas
1880 2058 2313 2124 classicorum
2345 2062 2748 2144 scriptorum

524 2161 847 2225 editiones
891 2158 1428 2244 pretiosissimaS,
1473 2159 1718 2223 multos
1788 2159 2051 2226 tenebat
2108 2161 2396 2239 codices,
2466 2169 2534 2226 et
2579 2183 2747 2246 pos·

524 2262 797 2327 teriores
854 2262 1167 2326 codicum
1228 2259 1625 2339 Graecorum
1689 2266 1756 2326 et
1821 2261 2210 2327 Latinorum
2279 2270 2467 2329 erant
2549 2266 2746 2331 ditis—

523 2364 738 2440 simae,
796 2382 881 2427 ne
926 2363 1032 2427 vel
1082 2381 1285 2426 unum
1339 2361 1565 2425 Taciti
1622 2361 1922 2426 codicem
1972 2365 2422 2447 possidebant.
2514 2366 2741 2433 Etiam

524 2461 747 2547 Regia
791 2461 1168 2541 Parisiana,
1211 2462 1524 2527 codicum
1568 2468 1720 2526 ante
1763 2464 1955 2542 alias,
2002 2469 2069 2530 et
2104 2467 2471 2549 omnigenae
2517 2468 2743 2533 litera·

522 2564 644 2629 riae
702 2565 1157 2648 supellectilis,
1214 2565 1572 2642 ditissima,
1637 2567 1706 2628 in
1762 2566 1956 2649 cujus
2014 2566 2446 2632 admiratione
2495 2571 2744 2634 nesciit

524 2683 661 2748 quo
702 2666 965 2731 sisteret
1005 2665 1458 2743 Moutfaucon,
1507 2683 1716 2730 unum
1736 2673 1769 2712 4
1809 2672 2061 2731 tantum
2106 2670 2341 2734 tenuit.
2459 2669 2550 2735 Et
2590 2672 2740 2754 qui·

523 2764 702 2845 dem,
731 2766 913 2851 quod
955 2766 1041 2830 ad
1081 2767 1387 2850 publicas
1432 2767 1726 2852 Europae
1769 2767 2207 2833 bibliothecas
2245 2777 2510 2835 exteras
2541 2791 2744 2855 spec-

522 2873 647 2947 tat,
701 2888 791 2932 ex
842 2868 1159 2933 Recensu
1202 2868 1514 2933 codicum
1569 2867 1741 2933 Mss.
1790 2866 1871 2931 C.
1920 2867 2210 2935 Cornelii
2260 2869 2480 2934 Taciti
2531 2893 2746 2958 supra

521 2989 596 3054 p.
613 2970 811 3035 4517.
829 2970 1033 3035 lector
1050 2971 1193 3053 ipse
1206 2968 1514 3053 judicare
1536 2971 1810 3052 poterit:
1850 2969 2031 3055 quod
2051 2969 2139 3035 ad
2163 2970 2623 3051 BritannicaS,
2643 2994 2742 3039 ex

518 3073 605 3137 iis
632 3073 748 3156 qui
779 3074 845 3137 in
869 3071 1098 3136 ordine
1123 3091 1302 3136 nunc
1332 3073 1621 3137 secuturi
1651 3077 1827 3135 sunt.
1905 3070 2064 3135 Non
2089 3092 2247 3136 vero
2278 3072 2744 3157 denegandum

521 3180 645 3251 est,
708 3172 991 3237 aliorum
1050 3192 1317 3258 quoque
1368 3173 1831 3238 nonnullorum
1892 3171 2279 3238 Latinorum
2334 3175 2744 3258 scriptorum

521 3275 790 3340 codices
834 3294 985 3339 esse
1027 3295 1438 3359 perpaucos3
1505 3275 1625 3340 sed
1672 3275 1755 3339 de
1805 3273 2048 3340 Tacito
2095 3276 2310 3360 magis
2353 3276 2741 3367 dolendum,

520 3376 741 3460 utqui
772 3395 816 3442 a
843 3376 1242 3461 quibusdam
1270 3396 1395 3462 pro
1432 3377 1730 3443 historiae
1771 3376 2097 3443 Romanae
2131 3375 2506 3463 Coryphaeo
2549 3383 2744 3448 acci·

1502 3656 1720 3709 No'rAE

582 3810 609 3863 1
648 3814 824 3881 Maffei
838 3819 1196 3886 Pindumve·
1219 3824 1378 3874 Venet.
1404 3823 1589 3874 Biblio—
1668 3838 1785 3873 cum
1804 3818 1997 3887 prolati
2017 3829 2141 3875 sunt
2162 3828 2216 3876 et
2237 3820 2435 3874 venditi
2458 3838 2507 3874 a.
2528 3827 2682 3875 1784.

514 3889 678 3940 theoe:
713 3896 810 3943 sub
848 3894 937 3945 fin.
963 3898 1175 3947 secundi
1198 3899 1466 3950 voluminis
1496 3900 1587 3950 ubi
1732 3903 1762 3948 8
1825 3900 1968 3951 Olim
2016 3902 2084 3951 cl.
2126 3901 2223 3950 viri
2277 3899 2447 3951 Caroli
2496 3900 2748 3966 Bur-neit,

514 3966 725 4017 codices
754 3982 1090 4022 numerantur
1111 3982 1165 4023 et
1190 3975 1546 4038 designantur.
1662 3974 1784 4027 S.T.
1799 3975 1864 4024 P.
1897 3989 2034 4025 nunc
2057 3976 2225 4027 Musei
2245 3974 2552 4027 Britannici.

578 4043 611 4089 2
645 4044 864 4096 Codices
888 4048 1062 4099 Graeci
1087 4058 1143 4099 ct
1174 4050 1344 4100 latini
1365 4049 1584 4101 Antonii
1615 4050 1622 4056 ’
1727 4055 1758 4100 4
1795 4052 1857 4102 In
1875 4051 2171 4102 Bibliotheca
2194 4052 2596 4102 Bibliotheca-m
2612 4053 2750 4105 Mes.

513 4110 728 4184 Aulum,
772 4120 914 4175 docti
957 4124 1167 4191 medici,
1199 4126 1287 4192 qui
1327 4125 1380 4177 in
1412 4126 1583 4193 publi·
1659 4126 1819 4194 Nm,
1854 4132 1887 4180 2
1915 4129 2060 4180 Tem.
2099 4128 2218 4181 Pol.
2250 4127 2422 4179 Paris.
2461 4131 2617 4179 1739.
2653 4130 2746 4181 vir
