3050 4867
538 322 717 393 4542
975 339 1373 393 unctusus
1416 340 1757 393 cumcun
1805 343 1874 392 c.
1919 341 1986 394 c.
2031 342 2288 395 ‘uem

541 493 615 561 in
638 492 853 558 lucem
902 493 1304 577 prodierunt,
1350 493 1464 576 qui
1504 512 1627 576 per
1670 492 1881 557 multa
1907 493 2184 571 saecula,
2226 494 2422 577 qussi
2455 495 2751 585 eclipsin

540 596 756 679 passi,
800 595 1261 677 expalluerunt
1301 601 1367 659 et
1403 600 1833 670 evanuerunt,
1880 595 2078 676 plane
2114 594 2504 677 indicantes,
2544 620 2748 686 quam

541 716 667 783 pro
714 697 918 762 nihilo
988 696 1093 765 vel
1167 697 1399 764 saltem
1456 698 1695 765 minori
1760 714 1959 782 quam
2025 717 2421 782 pergamena
2451 720 2593 787 qua
2635 703 2752 771 de·

544 801 773 883 scripti
803 799 1081 877 fuerant,
1128 799 1432 864 aestimati
1461 798 1726 862 fuerint.

628 900 952 969 Codicum
995 900 1405 986 quorundam
1455 901 1888 967 classicorum
1938 903 2273 986 paucitas,
2312 924 2599 989 quorum
2645 911 2752 975 ta-

541 1022 691 1068 men
715 1003 1040 1069 editiones
1069 1002 1485 1088 possidemus
1514 1002 1942 1082 abundanter,
1970 1005 2298 1069 neminem
2326 1006 2515 1073 latet.
2603 1007 2749 1073 Mi-

539 1105 720 1171 nime
760 1122 924 1173 xero
967 1105 1299 1183 Tacitum,
1363 1108 1779 1189 scriptorem,
1837 1108 1926 1170 ob
1975 1107 2240 1173 virtutis
2283 1113 2351 1172 et
2412 1110 2746 1177 libertatis

541 1227 860 1285 amorem,
905 1216 1111 1293 atque
1158 1209 1629 1272 sententiarum
1659 1207 2178 1291 profunditatem
2206 1217 2275 1274 et
2302 1210 2744 1293 majestatem,

539 1331 773 1377 omnes
819 1320 969 1378 ante
1028 1311 1308 1377 Latinos
1356 1310 1746 1389 mirandum,
1798 1311 1928 1376 hac
1976 1312 2384 1377 obscuritate
2435 1313 2746 1381 obrutum

540 1433 692 1479 csse
774 1419 1306 1496 expectaremus,
1378 1414 1505 1477 nisi
1591 1413 1824 1478 forsan
1896 1412 2487 1492 consideraremus,
2563 1414 2744 1481 idem

538 1514 888 1599 AEsclwlo,
930 1513 1319 1579 Graecorum
1356 1513 1806 1596 tngoedorum
1832 1513 2018 1592 duci,
2059 1521 2129 1578 et
2173 1514 2374 1579 etiam
2415 1513 2744 1597 Homero,

536 1617 891 1710 poetarum
918 1619 1207 1684 omnium
1235 1619 1545 1701 principi,
1586 1617 1984 1699 contigisse:
2027 1623 2096 1683 et
2137 1616 2745 1687 meherculehomi-

528 1721 644 1786 'nis
671 1721 1006 1804 ingenium
1037 1720 1268 1786 sedulo
1294 1718 1719 1805 perpendenti
1746 1719 1922 1784 idem
1949 1718 2270 1786 historico
2297 1718 2400 1784 ini
2448 1721 2746 1788 colchen-

524 1812 710 1889 'rimo
737 1821 1072 1887 accidisse
1099 1840 1231 1893 non
1260 1821 1494 1885 mirum
1529 1819 1884 1885 videbitur.

625 1922 889 1988 Horum
918 1943 1233 2000 casuum„
1267 1922 1748 2001 discriminum,
1791 1930 1860 1988 et
1902 1923 2235 2006 lapsuum,
2284 1924 2569 1991 literatis
2599 1934 2742 1992 tam

538 2025 1011 2104 deflendorum,
1056 2046 1282 2092 causae
1315 2031 1469 2091 sunt
1511 2025 1934 2111 multiplices,
1979 2028 2258 2110 quarum
2301 2028 2466 2092 inter
2490 2028 2744 2111 primass

533 2129 671 2194 rias
697 2127 822 2193 fuit
848 2126 1285 2211 proculdubio
1322 2126 1471 2191 dira
1496 2127 1616 2192 illa
1645 2133 1939 2193 veterum
1970 2126 2245 2192 duarum
2273 2130 2499 2212 magui
2526 2132 2745 2196 nomi-

534 2229 645 2293 nis
691 2227 1287 2306 Bibliothecamm,
1333 2227 2103 2313 constantinopolitanae
2130 2236 2203 2293 et
2231 2227 2740 2311 Alexamrioee,

534 2330 824 2395 flammis
849 2329 1339 2407 devorantibus,
1367 2330 1581 2393 ruina.
1673 2328 1809 2394 His
1835 2330 2060 2395 causis
2090 2328 2528 2414 adjicerentur
2556 2332 2741 2413 aliae,

524 2420 783 2521 'quibus
834 2452 991 2496 vero
1034 2434 1238 2498 etiam
1284 2433 1770 2517 praetermissis,
1817 2437 2177 2517 supersunt
2219 2452 2374 2516 quoe
2403 2452 2542 2498 rem
2570 2433 2742 2501 dilu-

535 2534 759 2600 cidare
775 2535 1056 2619 possint.
1093 2534 1512 2619 Superstitio,
1537 2535 1993 2613 somnolentia,
2011 2540 2079 2599 et
2100 2533 2505 2616 ignorantia,
2529 2535 2741 2601 immo

533 2637 686 2721 ipsa
726 2636 945 2704 studia
990 2638 1603 2727 occupationesque
1655 2638 2179 2702 monasticorum
2224 2634 2554 2700 inferioris
2604 2638 2741 2702 aevi

535 2736 662 2803 has
717 2737 890 2804 inter
962 2757 1205 2809 causas
1259 2740 1559 2824 inprimis
1618 2737 2129 2804 annumerandae
2178 2744 2352 2802 sunt.
2459 2735 2741 2822 Quippe

532 2837 829 2904 homines
883 2837 1166 2923 hujusce
1211 2840 1445 2905 farinae
1492 2839 1761 2905 scholas
1809 2841 2126 2927 regebant
2173 2858 2430 2918 omneS,
2491 2844 2741 2906 cuncta

532 2942 666 3006 fere
712 2941 988 3027 publica
1012 2942 1246 3008 munia
1289 2944 1741 3027 occupabant3
1788 2948 1987 3028 atque
2029 2944 2175 3008 suis
2221 2961 2486 3027 semper
2528 2941 2740 3007 nimis

530 3042 972 3129 indulgentes,
1037 3043 1297 3128 po'etas,
1360 3063 1640 3128 quorum
1698 3062 1915 3108 mores
1971 3044 2193 3108 minus
2250 3044 2737 3127 approbabant,

531 3149 599 3210 et
641 3144 1016 3223 historicos,
1061 3164 1342 3229 quorum
1386 3146 1639 3229 scripta
1693 3163 1826 3208 non
1875 3145 2339 3226 intelligebant,
2384 3144 2546 3229 quid
2611 3144 2740 3210 mi-

529 3266 700 3327 rum,
745 3247 831 3327 si,
884 3247 1087 3312 m'odo
1145 3266 1277 3312 non
1326 3245 1794 3330 disperderent,
1841 3247 2023 3332 quod
2061 3251 2281 3312 tamen
2332 3246 2555 3331 ipsum
2596 3266 2739 3313 non

526 3369 680 3416 raro
728 3353 875 3416 ausi
933 3355 1112 3428 sunt,
1176 3352 1623 3434 negligerent?
1713 3353 1937 3435 Nugis
1983 3353 2266 3429 canoris,
2309 3352 2736 3417 historiarum

528 3453 836 3533 somniis,
882 3472 1092 3539 usque
1132 3452 1221 3516 ad
1249 3452 1591 3519 fastidium
1620 3455 2087 3533 allaborantes,
2132 3453 2422 3519 Graecas
2450 3460 2517 3517 et
2545 3452 2738 3518 Lafi-

526 3574 654 3620 nas
685 3554 1041 3637 elegantias
1071 3555 1179 3618 vel
1206 3573 1329 3638 pro
1356 3554 1564 3621 nihilo
1591 3556 1700 3621 vel
1729 3576 1849 3640 pro
1875 3556 2177 3644 profanis
2203 3556 2551 3640 putabant.

612 3655 719 3720 De
760 3654 869 3718 his
912 3674 1070 3720 vero
1115 3656 1315 3721 rebus
1356 3657 1701 3741 copiosius
1747 3657 2066 3722 disserere
2100 3656 2600 3741 relinquendum
2624 3664 2736 3725 eat

524 3757 700 3824 aliis.
790 3755 990 3835 Quod
1022 3757 1109 3821 ad
1154 3757 1466 3823 Tacitum
1512 3758 1811 3842 pertinet,
1856 3756 2078 3842 cujus,
2120 3764 2198 3823 ut
2228 3756 2375 3842 jam
2410 3758 2735 3840 diximus,

508 3856 790 3927 'codices
821 3859 1011 3925 valde
1056 3860 1183 3924 rari
1223 3866 1396 3939 sunt,
1439 3861 1669 3925 eadem
1698 3860 2056 3925 infortunia
2081 3879 2235 3945 quae
2267 3866 2518 3927 ceteros
2549 3860 2739 3926 clas·

523 3961 703 4027 sicos
730 3964 837 4028 vel
888 3962 1375 4040 destruxerant,
1421 3963 1527 4028 vel
1557 3962 2137 4041 obumbraverant,
2182 3962 2290 4031 vel
2332 3962 2734 4046 deturpave-

520 4068 687 4143 rant,
732 4064 919 4130 illum
967 4063 1411 4148 proculdubio
1452 4068 1998 4148 suppresserunt:
2043 4063 2426 4149 etquidem,
2469 4067 2548 4127 ut
2574 4064 2738 4150 opi-

522 4183 777 4247 namur,
819 4167 919 4234 illi
945 4167 1261 4235 historico
1292 4166 1605 4253 quaedam
1630 4167 1847 4251 magis
1892 4164 2182 4259 propria.
2271 4163 2444 4279 §luo
2475 4164 2742 4249 facturn
