3050 4867
883 372 1047 423 mn..
1074 372 1157 424 11.
1202 369 1367 423 car.
1408 354 1517 423 85.
1562 369 2003 429 Anxanum.

332 510 578 579 {capim
634 511 905 580 Egyptios
974 515 1137 578 Deos,
1213 514 1401 581 quibus

335 587 496 641 etiam
544 590 741 654 templa
788 590 997 654 publice
1041 592 1212 656 posita
1236 599 1403 645 eraut.

338 666 472 715 Nam
488 673 555 719 et.
568 666 711 730 apud
734 656 996 717 Catullum
1012 669 1245 731 improba
1266 684 1404 734 qum-

338 738 456 790 dam
495 743 675 806 puella
710 743 944 792 homines
987 744 1053 792 ad
1098 744 1337 793 lecticam
1374 758 1407 792 a

338 814 548 881 Catullo
572 818 906 868 commodato
941 821 1093 883 petit,
1126 820 1310 884 quibus
1333 821 1407 870 ait

337 906 394 942 se
417 895 551 943 velle
572 894 641 943 ad
672 894 897 958 Serapiu
921 893 1131 958 deferri,
1152 902 1209 945 et
1225 896 1406 945 Tibul-

334 968 417 1021 lus
456 977 724 1034 aegrotans
770 971 967 1021 Isidem
1011 972 1091 1021 El.
1113 972 1282 1023 invoc.
1307 971 1341 1022 l.
1364 987 1404 1023 1.

338 1047 386 1094 8.
454 1046 709 1111 Prop.1r.
755 1051 837 1096 33.
910 1047 1132 1099 Ovum.
1193 1049 1261 1099 de
1292 1057 1407 1101 arte

338 1123 421 1170 76.
498 1122 689 1184 Horat.
718 1123 784 1172 -l.
824 1137 867 1172 ι.
919 1124 1032 1174 Sat.
1077 1130 1126 1174 9.
1209 1140 1285 1176 vs.
1324 1130 1407 1177 ⁷⁰.

341 1196 588 1251 Juvenal.
610 1213 732 1250 xlv.
757 1205 840 1249 97.
906 1201 1013 1250 Sed
1031 1217 1147 1252 cum
1170 1208 1406 1268 utraque,

335 1273 443 1337 sive
466 1275 675 1338 religio,
708 1275 821 1324 sive
841 1276 1161 1342 superstitio,
1199 1277 1405 1342 publice

340 1359 590 1414 suscepta
645 1358 814 1409 esset:
878 1351 1002 1417 quid
1045 1354 1253 1402 tandem
1306 1352 1408 1403 fuit

340 1427 475 1490 quod
516 1428 642 1477 buic
693 1429 1157 1480 senatusconsulto
1198 1445 1407 1481 causam

342 1502 547 1554 dederit
566 1505 586 1553 ?
644 1507 732 1554 De
749 1505 911 1555 sacris
933 1504 1118 1555 Isiacis
1136 1507 1407 1570 pulchram

342 1578 484 1643 leges
558 1580 825 1633 historiam
910 1582 1048 1646 apud
1122 1583 1407 1648 Josephum

340 1654 378 1705 l.
413 1669 584 1708 xvur.
619 1658 859 1725 antiquit.
893 1674 1010 1724 cap.
1031 1663 1081 1710 4.
1146 1661 1232 1710 De
1273 1661 1408 1711 Pau-

342 1732 444 1784 lina
487 1745 734 1786 matrona
789 1737 972 1800 nobili,
1038 1739 1132 1788 sub
1181 1738 1409 1791 Tiberio.

341 1808 512 1862 Jndaei
568 1827 665 1862 cur
719 1812 855 1878 pulsi
907 1829 976 1864 ex
1028 1815 1179 1878 urbe,
1231 1821 1409 1866 narrat

330 1884 477 1939 ,idem
524 1889 791 1953 Josepbus
850 1891 886 1941 l.
933 1905 1101 1943 xvm.
1164 1892 1407 1957 antiquit.

345 1975 391 2011 c.
421 1968 470 2013 5.
505 1963 575 2012 de
603 1965 785 2015 Fulvia
816 1981 990 2030 agens.
1053 1968 1290 2019 Muretus.

409 2039 488 2088 Ea
521 2041 879 2105 ιιφσειὶιὶοιιε]
911 2042 941 2070 ⁵
973 2042 1039 2093 ad
1072 2044 1407 2098 Christianos.

347 2113 432 2164 De
484 2116 589 2167 hoe
653 2118 886 2181 graviter
954 2134 1038 2168 me
1108 2126 1409 2173 accusatum

344 2187 506 2242 fuisse
541 2194 767 2256 accepi;
800 2194 957 2259 qnod,
981 2196 1094 2259 jam
1127 2195 1242 2247 fere
1265 2211 1412 2247 rece·

347 2270 520 2331 perint
585 2270 777 2320 schole
833 2271 932 2323 illis
986 2272 1160 2325 verbis
1204 2271 1412 2324 demon-

343 2353 536 2398 stratos
593 2346 751 2399 fuisse
798 2347 1112 2412 Christianos,
1157 2363 1279 2403 eum
1310 2356 1415 2400 tes·

346 2422 565 2473 timonio
602 2423 832 2488 ejusdem
856 2424 1101 2487 Cornelii,
1138 2425 1228 2492 qui
1259 2427 1409 2477 λιν.

344 2498 360 2525 ‘
404 2500 755 2553 execrabilem
822 2502 1239 2565 superstitionem
1259 2502 1293 2553 ε’
1356 2509 1412 2554 et

347 2573 507 2625 Plinii
552 2575 622 2627 ad
651 2575 948 2640 Trajanurn,
986 2578 1078 2642 qui
1118 2577 1135 2605 ‘
1168 2579 1414 2642 supersti-

349 2648 545 2701 tionem
604 2666 818 2714 pravam
864 2652 1326 2719 immodicamque,’
1356 2662 1414 2705 et

350 2725 587 2777 Suetonii
623 2727 711 2791 qui
740 2728 763 2781 ,‘
800 2742 984 2777 novam
1011 2743 1072 2778 ac
1094 2728 1413 2792 maleficam,'

351 2803 625 2866 appellant
678 2803 1021 2854 Christianam
1091 2805 1411 2869 religionem,

350 2882 459 2927 tum
505 2877 633 2945 qnia
686 2877 739 2927 in
792 2878 919 2942 lege'
956 2878 1141 2931 ultima
1177 2879 1309 2932 eod.
1347 2880 1413 2931 de

350 2953 539 3003 Jadoeis
596 2958 646 3003 et
704 2954 851 3005 cotie.
937 2953 1115 3006 Judaei
1168 2961 1415 3006 arcentur

351 3029 691 3094 dignitatibus
711 3037 869 3096 atque
884 3031 1185 3082 bonoribus.
1222 3034 1414 3086 Quam-

351 3104 533 3155 obrem
594 3104 691 3156 nisi
751 3107 820 3157 de
874 3106 1174 3159 Christianis
1234 3109 1415 3173 Ulpia-

350 3194 475 3231 num
529 3181 755 3232 sensisse
803 3183 1052 3246 dicamus,
1108 3184 1417 3248 pugnabunt

350 3258 496 3321 leges
516 3259 622 3308 illm
646 3259 784 3322 dum,
815 3273 974 3324 seque
1009 3260 1234 3312 invicem
1268 3261 1415 3312 abro-

354 3334 574 3399 gabunt‚
604 3341 788 3387 contra
829 3351 982 3402 quam
1024 3338 1282 3397 sciorum
1335 3353 1416 3390 re·

354 3418 529 3475 eeptae
586 3412 781 3475 regule
856 3413 1135 3476 patiantur.
1219 3416 1416 3465 Verum

354 3488 743 3540 obtrectatores
784 3489 912 3539 istos
945 3490 1180 3554 oportuit
1210 3490 1419 3557 docere,

350 3577 461 3615 non
504 3571 707 3615 sectam
743 3563 1014 3616 Judaicam
1044 3550 1300 3630 appellari
1340 3581 1417 3616 sa-

350 3641 703 3704 mum,
741 3641 833 3691 sed
871 3656 934 3691 ex
968 3641 1192 3706 probato
1248 3643 1417 3708 aliquo

354 3724 592 3780 auctore,
618 3717 998 3781 superstitionem
1032 3717 1289 3768 ludaico·
1320 3718 1419 3783 sig-

356 3791 573 3845 nificare
651 3791 994 3843 Christianam
1083 3792 1415 3857 religionem:

357 3867 433 3921 ita
466 3868 604 3925 enlm
642 3874 809 3930 recte,
841 3874 899 3917 et
930 3881 1032 3917 uon
1056 3882 1123 3917 ex
1142 3867 1437 3933 generibus.

361 3951 420 3995 et
441 3945 631 4010 regulis
666 3944 991 4008 pervulgatis
1020 3945 1189 3995 aliena
1221 3945 1422 4011 vitupe-

362 4028 579 4073 rasseut.
641 4021 868 4075 Quintil.
914 4019 1316 4083 Lus-‘Qualis
1337 4029 1421 4073 est

364 4097 828 4162 primns-Iudaica
873 4096 1252 4161 superstitionis
1301 4111 1419 4159 ancq

366 4176 481 4229 tor?
540 4174 745 4228 Quibus
803 4171 979 4222 verbis
1033 4171 1218 4223 Mosen
1267 4172 1423 4237 signif

364 4249 507 4309 fleat.
569 4246 863 4314 Abrogatio
903 4262 1023 4298 vero
1042 4248 1251 4313 legum,
1293 4249 1422 4309 alteq

2364 450 2368 462 Ι

1472 516 1582 567 rius
1623 517 1829 582 negocii
1865 523 1975 569 este
2022 515 2091 569 de
2134 530 2237 585 qua
2278 533 2373 570 sao
2425 521 2543 574 loen

1474 594 1663 658 scripsi
1750 594 2173 646 cumulatissime.
2276 597 2542 649 Fer-retius.

1477 671 1610 723 Qum
1667 672 1874 722 tametsi
1927 670 1995 720 ab
2033 671 2239 722 AEmilio
2297 674 2542 725 Ferretto

1478 750 1760 813 verissime?
1785 749 1985 814 scripta
2026 748 2264 815 fuissent,
2307 750 2545 804 Alciatus

1474 826 1672 875 δικάσω
1723 841 1822 891 pro
1882 827 2191 878 Christianis
2245 829 2547 893 exaudiens,

1479 901 1535 950 in
1568 902 1824 953 diversam
1845 910 2046 969 partem
2079 904 2195 955 ivit.
2262 904 2367 954 Sed
2390 905 2545 956 aliam

1475 980 1771 1042 deliciorum,
1815 981 1967 1030 aliam
2020 980 2404 1031 Christianorum
2452 995 2546 1046 ap·

1478 1056 1811 1118 pellationem
1844 1056 1957 1121 quis
1996 1070 2099 1106 non
2143 1056 2319 1107 videt?
2388 1056 2543 1109 Quod

1477 1130 1521 1178 si
1559 1130 1764 1180 nomine
1800 1131 2004 1180 illorum
2036 1132 2127 1180 hos
2163 1131 2408 1182 exaudiat
2443 1132 2544 1182 boc

1479 1205 1596 1255 loco
1618 1212 1676 1255 et
1708 1206 1958 1257 similibus
1987 1204 2248 1271 Alciatus,
2278 1207 2401 1274 qnid
2423 1223 2547 1258 cau·

1479 1295 1551 1331 sm
1573 1288 1675 1345 est,
1708 1282 1850 1347 quod
1885 1297 1989 1333 non
2019 1282 2159 1333 idem
2200 1282 2365 1334 faciat
2400 1284 2541 1349 apud

1476 1357 1832 1423 Tranquillum
1895 1358 1949 1407 in
2005 1359 2149 1410 Julio
2200 1360 2298 1409 84?
2369 1359 2544 1411 Credo

1478 1432 1738 1497 equidem,
1803 1434 1940 1499 quod
1994 1433 2242 1499 nondum,
2294 1448 2392 1486 mr.
2449 1447 2546 1486 nn.

1480 1521 1636 1558 carne
1673 1516 1845 1560 tectus
1876 1517 2034 1561 esset.
2100 1510 2244 1561 Alias
2276 1510 2436 1574 igitur
2454 1512 2548 1560 Ja-

1478 1586 1632 1634 doeam
1677 1585 1989 1652 Μυσίαι,
2053 1588 2307 1637 Judaiwn
2345 1588 2544 1654 fiscum,

1477 1660 1735 1710 διελάσαι
1772 1661 1920 1711 citum
1955 1662 2095 1726 apud
2140 1661 2361 1713 eundem
2382 1664 2543 1712 'l'ran-

1481 1736 1696 1801 quillum
1725 1738 1804 1787 vir
1833 1737 2206 1788 eruditissimus
2238 1739 2546 1789 Christianis

1482 1812 1932 1863 accommodabit?
1965 1819 2022 1863 et
2045 1813 2143 1864 hoc
2163 1813 2356 1863 nemini
2377 1813 2547 1865 visum

1483 1887 1550 1936 iri
1574 1894 1772 1952 putem.
1836 1888 2066 1954 Decepit
2086 1894 2257 1940 autem
2278 1888 2545 1941 Alciatum

1484 1964 1664 2014 ultima
1719 1964 2026 2015 constitutio
2079 1979 2274 2025 earnm,
2328 1979 2444 2030 qum
2494 1965 2550 2015 in

1484 2041 1766 2093 Justiniaui
1810 2041 2004 2094 Codice
2052 2040 2350 2092 referuntur
2394 2042 2548 2094 titulo

1487 2118 1556 2168 de
1576 2119 1797 2185 Judaeis,
1827 2134 1929 2185 qua
1947 2120 2262 2170 Theodosius
2283 2126 2340 2170 et
2359 2121 2550 2170 Valen-

1484 2195 1711 2246 tinianus
1763 2195 1881 2247 AA.
1933 2194 2150 2249 Judaeos
2206 2194 2550 2261 dignitatibus

1483 2278 1644 2336 atque
1676 2272 1954 2322 bonoribus
1994 2277 2204 2322 arcent:
2240 2286 2359 2321 cum
2393 2276 2550 2321 antea

1482 2346 1707 2397 Severus
1726 2355 1781 2397 et
1802 2347 2092 2398 Antoninus
2111 2347 2311 2400 Judoeis
2326 2347 2548 2398 honores

1485 2424 1859 2487 permisissent.
1927 2424 2132 2477 Quibus
2175 2429 2348 2474 autern
2401 2437 2548 2474 mens

1484 2499 1586 2548 erit
1607 2514 1749 2562 sana,
1784 2507 1844 2549 ut
1865 2500 1988 2550 olim
2010 2500 2176 2562 licuit,
2198 2514 2404 2563 semper
2424 2500 2548 2551 lice-

1484 2574 1584 2635 bit,
1620 2574 1995 2638 posterioribus
2019 2575 2161 2639 leges
2183 2577 2381 2639 priores
2402 2575 2550 2626 abru-

1485 2655 1637 2713 gatas
1672 2663 1915 2700 censere:
1951 2651 2026 2701 ita
2069 2657 2131 2700 nt
2170 2652 2437 2701 Cesar-um
2471 2667 2552 2702 re-

1485 2725 1685 2789 scripto
1740 2726 1939 2777 sanctio
1992 2726 2157 2776 civilis
2213 2726 2279 2776 ab
2335 2727 2549 2791 Ulpiani

1485 2802 1685 2867 scripto
1729 2803 2021 2854 recesserit.
2079 2803 2379 2855 Vsrtrnnias.
2441 2802 2550 2853 An-

1485 2880 1639 2931 dreas
1679 2878 1918 2931 Alciatus
1961 2880 2012 2930 ·l.
2055 2894 2144 2929 111.
2196 2878 2550 2944 dispunction.

1487 2972 1538 3007 c.
1572 2962 1621 3006 8.
1646 2963 1702 3007 et
1732 2956 1784 3006 in
1811 2957 1894 3008 tit.
1917 2957 1985 3006 de
2007 2956 2389 3019 decurionibus,
2410 2957 2549 3006 bunc

1486 3034 1658 3084 locum
1697 3038 1850 3098 putat
1884 3032 2246 3097 accipiendum
2276 3030 2343 3080 de
2379 3031 2551 3081 Chris·

1487 3109 1664 3171 tinnis,
1695 3123 1797 3160 non
1819 3114 1981 3158 recte.
2034 3107 2184 3157 Idem
2201 3121 2348 3171 eque
2370 3106 2550 3171 inepte

1488 3185 1821 3236 existimatin
1863 3184 1900 3234 l.
1935 3182 2247 3233 Generaliter.
2281 3182 2349 3230 D.
2373 3182 2441 3231 de
2462 3182 2551 3232 de-

1489 3274 1599 3311 cnr.
1644 3259 1851 3313 nomine
1896 3259 2176 3309 Jndoeorau·
2231 3257 2551 3309 Christianos

1486 3336 1729 3401 intelligi.
1831 3335 1985 3388 Quod
2058 3334 2266 3385 caeteris
2326 3333 2551 3395 omissis,

1488 3413 1656 3464 tribus
1697 3417 1898 3463 tantum
1936 3408 2268 3474 argumentis,
2299 3407 2552 3460 refellam.

1490 3488 1688 3553 Primo,
1707 3486 1949 3537 Tiberius
1982 3485 2245 3535 Christum
2284 3498 2388 3535 non
2426 3485 2549 3536 ode·

1490 3550 1591 3629 r'at,
1621 3563 1715 3614 sed
1759 3569 1815 3612 et
1856 3561 2109 3626 supplicio
2156 3559 2398 3612 affectum
2437 3576 2554 3625 gra·

1490 3640 1629 3692 viter
1649 3640 1791 3704 tulit,
1822 3646 1879 3689 et
1909 3638 2089 3688 retulit
2111 3636 2178 3685 ad
2209 3637 2459 3687 Senatum
2483 3637 2551 3687 de

1492 3731 1556 3769 eo
1595 3714 1868 3767 referendo
1899 3714 1952 3763 in
1993 3727 2258 3763 numerum
2298 3713 2553 3777 Deorum,

1492 3797 1594 3843 διο.
1635 3799 1691 3843 et
1728 3792 1861 3857 ipse,
1896 3796 2217 3854 repugnante
2251 3790 2463 3853 Senatu,
2495 3788 2551 3839 in

1494 3868 1757 3918 sententia
1775 3868 1983 3928 mansit,
2006 3865 2448 3929 comminatusque
2469 3871 2554 3915 est

1496 3944 1787 4009 pericnlum
1824 3940 2210 3995 accusatoribus
2234 3939 2556 3990 Christiano·

1493 4038 1630 4087 rum,
1674 4022 1901 4073 Tertull.
1935 4021 1990 4070 in
2032 4019 2396 4083 Apologetico.
2463 4016 2552 4066 Se-

1494 4097 1666 4149 cundo
1704 4095 1982 4147 Christiani
2016 4094 2183 4144 adbuc
2221 4093 2348 4142 nulli
2381 4094 2553 4152 erant,

1493 4188 1613 4229 nam
1642 4186 1830 4223 nomen
1863 4172 1962 4221 boc
2000 4169 2294 4220 Antiochiae
2329 4165 2551 4232 primum

1495 4247 1791 4300 institutum
1813 4253 1913 4313 est,
1937 4252 1995 4297 et
2013 4245 2111 4296 boc
2133 4250 2366 4317 tempore
2386 4238 2554 4293 Clitis·
