3050 4867
856 427 1002 476 ΜΒ.
1049 424 1155 478 tv.
1201 425 1369 476 car.
1398 408 1520 487 72.
1569 424 2010 476 minimum.

318 571 506 631 staret,
531 567 671 617 omni
710 572 948 632 tempore
985 568 1158 619 omnia
1190 567 1247 619 in
1268 576 1385 618 reos

316 642 501 695 licere.
588 644 678 694 Ita
723 657 875 695 nemo
921 653 1158 709 excuset,
1200 645 1387 711 inquit,

322 725 585 785 tamqnam
650 720 858 784 ignarus
930 728 1022 772 aut
1097 721 1388 785 incogitans

321 798 460 848 bunc
478 798 616 848 diem
633 799 918 862 polluisset.
955 799 1103 849 Idem.

416 876 525 925 Non
578 876 856 939 prudentem
913 874 1178 939 Ίῖῠενίωιι]
1255 873 1388 924 Cum

325 949 471 1000 Han.
511 957 697 1013 aperte
727 950 932 1013 babeat,
970 964 1061 999 m
1093 951 1388 1013 prudentem,

322 1022 470 1077 nulla
490 1024 614 1074 mibi
636 1039 793 1074 causa
812 1025 921 1074 visa
939 1030 1039 1083 est,
1060 1038 1171 1087 cnr,
1190 1039 1283 1074 aon
1300 1023 1389 1073 ins-

318 1103 616 1166 prudentem,
637 1108 998 1166 reponeretur,
1015 1101 1150 1151 utin
1174 1100 1392 1164 vulgatis

325 1176 580 1227 omnibns.
646 1176 893 1240 Optimus
937 1177 1073 1227 enim
1116 1178 1168 1225 ni
1224 1174 1393 1239 fallor,

324 1262 504 1303 sensus
521 1258 633 1302 est:
658 1251 905 1314 Ignarum
927 1251 1091 1302 fnisse
1111 1252 1393 1316 Tiberium,

325 1334 522 1377 tantam
557 1340 614 1377 se
648 1327 894 1377 iuvidiam
925 1328 1155 1378 civitatis
1194 1327 1394 1393 adiisse,

324 1402 484 1468 utqui
507 1418 610 1453 nou
632 1411 819 1469 sponte
836 1405 934 1454 boc
945 1404 1180 1468 jusserit,
1195 1404 1285 1454 sed
1302 1405 1393 1455 Se-

319 1479 436 1543 jani
481 1481 680 1530 artibus
720 1480 991 1545 deceptus.
1056 1479 1214 1544 Vulgi
1254 1480 1392 1531 enim

326 1562 450 1605 sunt
470 1571 625 1607 voces
648 1557 855 1622 culpam
879 1572 909 1606 a
931 1556 1201 1620 Principe,
1221 1570 1394 1620 quam-

324 1631 405 1681 vis
448 1632 703 1695 simulate,
737 1632 1041 1693 amoventis,
1081 1637 1138 1681 et
1165 1631 1220 1680 iu
1249 1631 1391 1694 SeJu-

324 1722 448 1756 num
471 1708 779 1771 rejicientis.
848 1708 953 1757 Hic
978 1720 1085 1756 mos
1106 1706 1161 1756 in
1193 1706 1393 1756 Princi-

331 1798 456 1848 pum
478 1782 627 1834 Aulis
649 1791 957 1849 perpetuus.
1003 1784 1259 1833 Firmatur
1276 1784 1393 1833 baec

327 1859 587 1909 sententia
608 1860 958 1923 superioribus
979 1859 1179 1910 verbis:
1201 1859 1291 1908 has
1308 1858 1393 1908 Se-

311 1935 671 1996 jamniae-uo
703 1938 900 1994 σακία-ες
944 1936 1011 1986 ad
1054 1935 1201 2000 cujus
1234 1935 1392 1986 etiam

326 2012 474 2062 dolos
495 2010 793 2062 referuntur
813 2012 1112 2079 sequentia:
1145 2013 1393 2076 quesitum

327 2091 716 2153 nedumque,
751 2092 835 2151 &a
917 2088 1146 2138 Publica
1180 2087 1393 2152 quidem

328 2169 594 2231 persuasio
623 2174 749 2217 tunc
789 2168 965 2217 Romae
1008 2172 1141 2229 erat,
1178 2180 1317 2215 saeva
1337 2172 1394 2216 et

327 2244 528 2294 atrocia
536 2243 684 2307 jussa
699 2240 813 2293 fere
831 2242 1019 2306 omnia,
1039 2257 1137 2308 per
1153 2242 1392 2305 Sejannm

329 2321 399 2371 ab
422 2320 585 2371 invito
615 2334 711 2370 seu
740 2320 1051 2370 connivente
1075 2320 1283 2368 Caesare
1305 2332 1393 2367 ex·

327 2402 487 2460 torta,
509 2404 602 2448 aut
621 2396 755 2446 falso
777 2396 1081 2460 composita.
1104 2395 1143 2444 1.
1166 2409 1217 2444 v.
1260 2392 1276 2422 ‘
1294 2392 1391 2443 fal-

331 2490 414 2525 sas
436 2474 634 2536 literas,
669 2478 727 2524 et
758 2472 993 2538 principe
1024 2472 1206 2535 invito,
1243 2469 1396 2520 exiti·

326 2566 414 2601 um
438 2550 611 2601 domni
629 2550 741 2614 ejus
756 2548 974 2611 intendi,
995 2546 1263 2597 clamitat:
1328 2545 1392 2595 In

330 2626 546 2677 eandem
570 2625 912 2689 suspicionem
942 2629 1061 2687 post
1095 2622 1393 2672 damnatum

328 2703 591 2767 Sejanum,
616 2700 805 2751 incidit
828 2700 983 2751 etiam
1008 2699 1212 2761 Macro,
1258 2704 1318 2747 ut
1350 2697 1390 2746 l.

262 2782 271 2789 “
328 2793 405 2830 vt.
445 2793 609 2844 prope
645 2777 831 2828 finem:
862 2783 881 2807 ‘
906 2777 1169 2841 nullaeque
1206 2775 1258 2824 in
1303 2788 1393 2824 eos

327 2855 669 2920 hperatoris
688 2855 902 2918 litterae,
934 2853 1281 2918 suspicionem
1304 2852 1392 2901 dap

326 2931 478 2998 bant,
526 2930 781 2994 invalido,
831 2944 892 2980 ac
936 2928 1155 2981 fortasse
1198 2929 1396 2994 ignaro,

330 3007 459 3058 fleta
480 3009 728 3073 pleraque
763 3006 830 3055 ob
864 3005 1168 3059 inimicitias
1191 3006 1397 3055 Macro·

330 3084 412 3135 nis
434 3085 487 3135 in
508 3082 852 3135 Arruntium!
892 3083 1115 3134 Pickena.

397 3160 533 3212 CAr.
550 3164 632 3210 ⁷1.
653 3160 955 3215 Contutiones
965 3157 1229 3222 Principis]
1277 3158 1398 3207 Con·

331 3233 537 3287 tatum
556 3248 659 3286 uon
683 3244 807 3301 apte
826 3242 918 3285 aut
940 3240 1086 3284 recte
1108 3233 1286 3297 aperiri
1303 3232 1397 3281 mi·

328 3314 383 3365 hi
421 3312 684 3376 dicuntur,
721 3313 829 3362 sive
851 3312 965 3377 quis
982 3312 1179 3374 mallet,
1202 3309 1395 3374 operiri.

332 3390 804 3455 ngofflguctiom,
825 3388 986 3453 magis
1004 3388 1243 3438 scribam.
1285 3387 1398 3451 Lip-

335 3468 454 3517 sius.

421 3544 490 3594 m
509 3542 801 3594 mationa
819 3541 1052 3604 principis
1074 3533 1396 3605 aperirentur]

332 3620 447 3671 Imo
477 3619 791 3683 legendnm5
834 3619 1001 3668 Verum
1038 3633 1101 3667 ne
1141 3617 1399 3668 cantatio·

334 3712 435 3756 nee,
468 3698 551 3759 ξε.
607 3695 846 3746 Ursinus.
870 3700 881 3713 ³
929 3695 1147 3759 Sejanus
1191 3694 1397 3759 mitigat

332 3772 595 3824 Tiberium
620 3770 992 3821 exacerbatum
1017 3770 1264 3820 adversus
1286 3768 1399 3819 Asi·

332 3851 474 3900 mum
508 3848 748 3912 Gallum,
806 3846 1036 3911 dicitque
1073 3861 1192 3897 enm
1244 3846 1398 3895 venia

336 3926 562 3991 dignum,
583 3924 723 3991 qnod
747 3938 851 3973 non
876 3922 1097 3973 absurde
1117 3923 1397 3985 censuerit,

336 4010 503 4054 metus
515 4002 769 4067 principis
787 4014 888 4049 non
908 3999 1098 4049 diutius
1118 3994 1396 4050 detrimen·

340 4086 393 4131 to
416 4082 547 4145 reip.
581 4077 895 4145 premendos
918 4090 1049 4126 esse.
1116 4075 1398 4140 011αωίςὶ-

337 4164 422 4209 tur
459 4162 614 4222 apte:
655 4153 954 4217 mitigatam-it
989 4159 1045 4203 ut
1081 4153 1400 4216 aperirentur.

334 4234 576 4284 Muretus
592 4238 651 4283 et
667 4229 1011 4295 Picbena,qul
1027 4229 1280 4292 maluere,
1294 4224 1399 4293 ope·

337 4309 565 4374 rheam,
601 4307 785 4360 dicant
804 4319 1000 4372 quaeso,
1035 4318 1139 4370 qua
1159 4302 1226 4355 de
1248 4318 1305 4354 re
1324 4301 1400 4354 fa·

2355 399 2533 481 3925

1460 567 1605 618 ciant
1636 568 1870 632 ineptum
1902 566 2186 632 sejanum?
2252 567 2328 617 At
2349 567 2391 618 is
2409 582 2533 623 cau-

1460 644 1563 694 dex
1585 651 1743 707 esset,
1784 644 1829 695 si
1852 642 2033 694 Asinio
2058 644 2186 695 alias
2227 657 2330 694 nou
2365 644 2533 695 amico

1459 726 1669 771 cantum
1692 720 1962 783 voluisset,
1985 720 2071 785 qui
2089 720 2336 771 adversus
2360 718 2527 770 studi·
2553 758 2566 769 .

1459 812 1547 847 um
1587 811 1733 847 suum
1783 794 1981 846 Tiberii
2027 804 2198 846 metus
2244 796 2534 848 reserabat.

1461 872 1693 937 Oportet
1709 871 1870 935 igitur
1893 878 1952 921 nt
1971 872 2165 939 aliquid
2190 889 2221 923 a
2244 873 2399 923 Gallo
2421 872 2531 925 dic·

1460 956 1574 999 tum
1598 949 1685 1015 sit,
1716 947 1853 998 uude
1887 948 1984 998 sibi
2020 951 2289 1014 paraverit
2310 950 2535 1015 gratiam

1461 1025 1667 1089 Sejaui.
1653 1043 1667 1054 ·
1703 1023 1842 1091 qnod
1877 1039 1982 1074 non
2004 1025 2215 1076 aliunde
2237 1026 2414 1090 colligi
2437 1038 2533 1090 po·

1465 1108 1588 1164 test,
1620 1102 1718 1151 nisi
1758 1116 1826 1151 ex
1867 1102 1981 1165 ejus
2026 1102 2228 1152 verbis:
2284 1117 2447 1152 venun
2475 1106 2534 1151 ut

1463 1178 1784 1228 cunctationes
1816 1178 2053 1244 principis
2087 1178 2385 1241 aperirentur
2445 1178 2538 1228 Sa-

1464 1253 1559 1303 liu.
1625 1254 1837 1305 Placuit
1858 1256 2000 1318 olim,
2022 1254 2278 1304 suadente
2303 1202 2538 1318 Μίηῐο,

1465 1331 1805 1395 opperirentur.
1880 1331 2176 1381 Verebatur
2206 1330 2409 1380 scilicet
2441 1331 2534 1380 Se-

1455 1406 1631 1471 janus,
1662 1422 1729 1457 ne
1762 1407 1934 1458 subita
1957 1413 2013 1456 et
2035 1405 2314 1470 improvisa
2330 1404 2533 1457 Tiberii

1464 1483 1546 1533 ira
1566 1483 1618 1532 in
1660 1485 1924 1534 Neronem
1948 1488 2004 1533 et
2044 1481 2391 1547 Agrippinam
2430 1488 2532 1533 stu·

1467 1561 1559 1608 tim
1604 1560 1900 1624 placaretur
1923 1574 1937 1608 t
1983 1558 2207 1624 ideoque
2254 1559 2533 1625 mitigavit,

1464 1641 1526 1685 ut
1544 1636 1749 1686 diutina
1787 1634 2107 1700 cogitatione
2150 1635 2531 1699 implacabilius

1464 1713 1814 1773 irasceretur3
1843 1726 2044 1774 gnarus,
2085 1712 2264 1760 lentum
2296 1711 2350 1760 in
2384 1711 2533 1761 medi-

1465 1789 1627 1850 tando,
1648 1788 1728 1850 ξτ.
1796 1786 1870 1837 At
1891 1800 2059 1850 nuper
2077 1785 2411 1843 eruditissimi
2442 1787 2535 1837 Sa-

1464 1863 1638 1915 linerii
1659 1863 1971 1913 sententiam
1988 1861 2296 1924 antehabeo,
2319 1863 2408 1927 qui
2423 1863 2533 1913 vul-

1468 1934 1644 2003 gatum
1664 1939 1898 2002 verbum,
1932 1940 2253 2004 aperirentur.
2294 1939 2428 1988 veris
2451 1954 2534 1989 ra-

1470 2013 1697 2065 tionibus
1721 2022 2039 2080 propugnat.
2109 2016 2229 2066 Nou
2267 2015 2401 2066 euim
2417 2015 2530 2080 Jam

1467 2090 1717 2141 studebat
1735 2091 1972 2156 Sejanus,
1995 2098 2057 2142 ut
2080 2092 2274 2142 diutius
2290 2091 2532 2143 Tiberias

1467 2166 1589 2217 odia
1610 2162 1969 2233 meditaretur,
2009 2168 2101 2218 sed
2124 2174 2185 2218 nt
2217 2168 2339 2218 olim
2370 2168 2532 2219 medl-

1468 2246 1582 2291 tata
1601 2239 1911 2292 effunderet.
1962 2240 2045 2293 Ac
2071 2257 2195 2292 vere
2219 2242 2339 2292 olim
2363 2256 2534 2306 crepe-

1465 2324 1546 2367 rat
1565 2318 1781 2382 SeJanus
1801 2319 2089 2369 simultates
2105 2332 2294 2371 serere.
2309 2319 2432 2368 Tac.
2451 2319 2532 2370 ιι.

1465 2395 1483 2423 ‘
1502 2394 1844 2445 Accendebat
1864 2396 1978 2445 baec
1999 2394 2353 2458 onerabatque
2385 2393 2533 2457 Seja-

1452 2485 1581 2533 Jlus‚
1614 2470 1807 2534 peritia
1827 2468 2026 2520 morum
2055 2470 2272 2533 Tiberii,
2314 2468 2436 2520 odia
2477 2469 2533 2520 in

1463 2548 1672 2611 longum
1683 2546 1907 2609 Jaciens,
1930 2561 2047 2612 quae
2070 2545 2382 2597 reconderet
2413 2560 2534 2596 auc-

1466 2629 1625 2687 taque
1649 2620 1948 2686 promeret?
1987 2622 2214 2672 Pichenu.
2264 2621 2402 2673 Illud
2422 2637 2532 2686 ape-

1464 2702 1676 2750 rirentur
1695 2699 1864 2763 palam
1882 2700 2085 2764 spernit
2106 2699 2381 2750 sententia.
2413 2700 2533 2749 Mn·

1466 2782 1612 2825 retus
1651 2775 1971 2839 opperiretur.-
2028 2776 2166 2840 quod
2221 2789 2319 2840 ego
2362 2775 2532 2826 babeo

1467 2865 1663 2909 verum,
1685 2858 1742 2901 et
1762 2851 2008 2901 videntur
2021 2852 2280 2913 evincere,
2300 2867 2416 2916 quae
2432 2860 2533 2902 sta-

1466 2927 1563 2977 tim
1607 2928 1657 2976 ei
1698 2926 1860 2978 verbo
1905 2927 2182 2978 adduntur.
2258 2926 2527 2978 Acidalia.

1468 3005 1666 3055 Verum
1688 3006 1872 3056 lenivit
1894 3006 2024 3055 iram
2041 3007 2150 3068 ejus
2173 3006 2410 3069 Sejanus,
2429 3019 2533 3054 nou

1470 3082 1593 3145 quia
1614 3082 1769 3132 Gallo
1791 3080 1926 3131 bene
1948 3082 2128 3143 vellet,
2165 3080 2257 3129 sed
2280 3080 2401 3129 odio
2426 3079 2533 3131 Ne·

1471 3159 1609 3210 ronis
1632 3164 1690 3210 et
1712 3156 2038 3221 Agrippinae,
2057 3157 2302 3221 cupiebat
2321 3162 2533 3207 cuncta-

1471 3235 1599 3285 toris
1622 3234 1760 3283 senis
1782 3233 2038 3283 meditata
2076 3235 2128 3282 in
2169 3247 2259 3283 eos
2279 3232 2399 3283 odia
2419 3238 2534 3283 tan-

1472 3311 1589 3360 dem
1613 3323 1903 3375 erumpere.
1940 3309 2162 3359 Freinsh-

1541 3390 1752 3448 Θησεῦ,
1789 3388 1967 3435 lentum
1995 3386 2047 3434 in
2080 3384 2373 3448 meditando]
2436 3383 2534 3436 Ca·-

1470 3462 1748 3524 saubonus,
1787 3462 1968 3510 lentum
2010 3460 2403 3525 interpretatur,
2445 3462 2536 3526 qui

1470 3552 1572 3588 non
1589 3536 1746 3587 facile
1767 3543 2023 3587 movetur.
2057 3537 2290 3586 Piehena.

1537 3615 1673 3665 CAP.
1695 3617 1777 3665 ⁷2.
1796 3614 1855 3662 In
1868 3628 1981 3663 usus
2001 3613 2235 3662 militares
2248 3612 2377 3663 coria
2396 3612 2537 3664 boum

1463 3690 1749 3756 penderent]
1798 3690 1864 3739 Id
1904 3696 2004 3756 est,
2041 3689 2091 3738 in
2118 3705 2261 3739 usum
2287 3689 2537 3740 tentorio-

1471 3783 1604 3830 rum,
1627 3774 1682 3818 et
1702 3774 1982 3818 scutorum.
2048 3767 2185 3817 Vide
2215 3768 2446 3831 Lipsium
2468 3768 2535 3819 de

1471 3844 1656 3894 militia
1675 3844 1822 3893 Rom.
1846 3844 1883 3892 l.
1908 3858 1963 3893 v.
1998 3843 2135 3894 Dial.
2158 3848 2205 3894 ὅ.
2241 3843 2470 3896 Ρίσῆειια.

1538 3920 1694 3982 Terga
1715 3918 1930 3982 urorum]
1991 3919 2081 3968 Uri
2104 3926 2225 3970 sunt
2245 3920 2380 3970 baud
2408 3919 2539 3970 absi·

1472 3997 1620 4046 miles
1662 3994 1838 4057 boum,
1873 3996 2049 4046 colore
2105 3996 2269 4059 nigro,
2311 3993 2436 4059 feri,
2480 4002 2536 4046 et

1473 4086 1629 4122 cursu
1644 4073 1982 4134 excellentes,
2018 4070 2299 4121 familiares
2323 4071 2539 4121 Germa·

1473 4149 1590 4199 nire.
1639 4147 1893 4198 Auctores
1913 4149 2092 4223 §unsar
2114 4155 2170 4199 et
2190 4147 2407 4198 Plinius.
2460 4146 2534 4197 111

1474 4224 1693 4277 fortasse
1716 4231 1852 4289 suut,
1873 4239 1998 4291 quos
2036 4224 2176 4274 Pisis
2208 4221 2409 4283 Rufulos
2444 4234 2536 4289 ap·

1471 4303 1678 4368 pellent·
1693 4302 1865 4365 vulgo.
1931 4299 2200 4351 ferremus.
