3050 4867
572 400 751 469 4560
1204 418 1267 465 c.
1312 418 1377 465 c.
1425 416 1682 465 uem
1737 412 2167 467 nonnosum

574 586 599 599 ·
662 563 777 628 Gli
807 559 1051 625 Annali
1081 561 1149 626 di
1180 560 1258 626 C.
1290 561 1606 628 Cornelio
1630 563 1894 641 Tacito,
1938 562 2221 629 tradotte
2269 561 2336 627 in
2367 563 2611 645 lingua
2650 558 2774 629 Ia·

571 668 754 733 liana
782 667 870 731 da
889 667 1243 749 Giuseppe
1273 664 1714 731 Sansevcrino
1745 666 1814 729 di
1846 666 2107 748 Signori
2128 664 2627 743 Mareellinam,
2650 675 2774 731 sto·-

570 769 921 853 riographo
950 768 1053 831 del
1085 768 1155 831 S.
1188 766 1287 831 Μ.
1311 766 1405 830 0.-
1426 766 1991 833 Girosolimitano.
2025 769 2111 832 10
2141 768 2270 832 vol.
2299 766 2451 831 Svo.
2483 766 2773 851 Neapoli

573 870 1060 936 1816.—Hanc
1086 870 1451 934 versionem
1488 875 1711 936 textus
1742 871 2018 935 Latinus
2046 872 2396 934 comitatur
2424 862 2587 935 eum
2615 889 2771 954 pau·

573 974 674 1038 cis
703 973 898 1036 notis.

662 1073 809 1138 Caii
839 1071 1128 1136 Cornelii
1158 1072 1379 1137 Taciti
1404 1070 1650 1157 Opera,
1681 1093 1767 1137 ex
1794 1072 2081 1138 editione
2109 1072 2156 1137 J
2158 1094 2248 1137 er.
2268 1071 2315 1136 J
2318 1094 2422 1137 ac.
2455 1072 2768 1152 Obcrlini,

576 1175 808 1240 sedula
854 1176 1236 1239 recensione
1294 1182 1629 1252 accurata,
1678 1176 1918 1258 quibus
1974 1181 2401 1241 accesserunt
2445 1174 2769 1241 Gabrielis

576 1277 882 1341 Brotierii
913 1277 1416 1360 Supplementa,
1466 1296 1620 1341 cum
1669 1277 1988 1360 locupleti
2030 1275 2274 1355 indice,
2316 1276 2363 1341 3
2390 1278 2532 1341 vol.
2561 1277 2767 1342 12mo.

575 1379 790 1444 Lond.
837 1378 1031 1443 1817.

657 1481 805 1545 The
864 1482 1197 1565 Germany
1254 1482 1384 1546 and
1437 1480 1761 1564 Agricola
1806 1480 1886 1545 of
1926 1479 2006 1546 C.
2061 1479 2411 1545 Cornelius
2468 1480 2764 1556 Tacitus,

570 1583 742 1648 from
790 1581 1103 1646 Brotier’s
1128 1581 1330 1659 Text,
1360 1582 1519 1647 with
1559 1582 1655 1646 all
1698 1581 1805 1646 his
1836 1580 2335 1659 Observations,
2370 1580 2617 1660 NoteS,
2649 1581 2765 1647 and

572 1683 1064 1761 Emendations,
1116 1682 1342 1747 edited
1389 1685 1478 1767 by
1529 1682 1608 1747 E.
1657 1682 1752 1747 H.
1788 1682 2062 1747 Barker.
2105 1682 2299 1748 Edit.
2355 1683 2506 1748 2da.
2554 1685 2765 1749 l2mo.

573 1785 787 1851 Lond.
832 1784 1025 1850 1818.
1113 1784 1329 1850 Nulla
1351 1786 1585 1851 horum
1615 1785 1984 1850 libellorum
2015 1785 2246 1863 editio,
2288 1791 2528 1870 praeter
2577 1786 2766 1862 hanc,

572 1888 881 1953 Brotierii
910 1888 1401 1952 observationes
1430 1889 1642 1953 textui
1687 1888 2099 1971 subjunctae,
2133 1906 2265 1952 una
2298 1906 2472 1952 cum·
2501 1894 2766 1951 annota-

571 1989 863 2056 tionibus
892 1997 962 2052 et
985 1988 1577 2068 emendationibus,
1609 1990 1736 2053 sub
1755 1989 1951 2053 finem
1978 1988 2173 2066 datis,
2199 1989 2508 2067 continet,
2532 2005 2767 2070 nempe

573 2091 927 2175 separatim
956 2092 1041 2154 ab
1071 2089 1222 2154 aliis
1244 2091 1469 2155 Taciti
1500 2091 1842 2174 operibus.

660 2189 810 2255 Caii
842 2189 1129 2255 Cornelii
1161 2191 1386 2257 Taciti
1437 2190 1780 2273 Agricola,
1829 2191 2153 2269 Deutsch,
2195 2189 2318 2255 mit
2370 2187 2767 2256 Rechtserti-

574 2312 832 2377 gungen
860 2311 997 2356 von
1022 2293 1195 2357 Lud.
1227 2294 1647 2358 Doederlein.
1691 2293 1848 2358 Sv-o.
1877 2294 2031 2377 maj.
2063 2292 2269 2358 Arov.
2299 2292 2497 2357 1818.

659 2393 941 2459 Tacitus
993 2395 1076 2459 de
1125 2394 1433 2460 Moribus
1479 2394 1702 2460 Germ.
1748 2401 1815 2459 et
1871 2395 1954 2459 de
1995 2394 2162 2459 Vita
2204 2392 2572 2475 Agricolae,
2620 2410 2770 2458 cura
2884 2406 2896 2431 ⁸

574 2490 862 2562 Relhan.
952 2486 1452 2580 Geographicas
1482 2497 1681 2560 habet
1725 2494 2005 2561 Chartas
2058 2501 2126 2559 et
2175 2495 2475 2577 sequitur
2520 2501 2767 2559 textum

577 2596 1086 2675 Brotierianum,
1135 2596 1333 2661 Cant.
1375 2596 1571 2662 1818.

661 2698 872 2762 Caius
901 2697 1250 2763 Cornelius
1280 2698 1582 2775 TacituS,
1629 2698 1889 2780 qualem
1922 2699 2098 2762 omni
2144 2704 2332 2783 parte
2381 2697 2768 2763 illustratum

575 2805 911 2882 postremo
942 2802 1317 2884 publicavit
1341 2800 1384 2864 J
1390 2820 1479 2863 er.
1507 2799 1659 2865 Jac.
1693 2800 1990 2881 oberlin,
2040 2800 2143 2864 cui
2175 2799 2564 2883 posthumus
2596 2799 2769 2881 ejus-

576 2900 729 2964 dem
784 2903 1246 2966 annotationes
1303 2906 1371 2964 et
1427 2901 1678 2965 selecta
1724 2901 2054 2966 variorum
2107 2900 2556 2965 additamenta
2617 2900 2773 2964 sub-

565 3002 798 3088 junxit
825 3002 868 3066 J
874 3022 975 3066 os.
1009 3001 1306 3080 Naudet,
1350 3021 1438 3066 ex
1466 3001 1689 3084 Regia
1740 3002 2262 3087 Inscriptionum
2294 3009 2360 3067 et
2405 3002 2772 3067 Literamm

575 3101 948 3168 Academia
997 3105 1064 3168 in
1113 3104 1434 3168 Instituto
1488 3101 1777 3168 Gallico.
1825 3106 1869 3168 3
1914 3106 2046 3169 vol.
2094 3103 2244 3169 Svo.
2311 3102 2509 3167 1819.
2596 3103 2773 3169 Haec

575 3205 785 3271 editio
817 3214 918 3271 est
954 3225 1111 3291 pars
1143 3203 1601 3269 classicorum
1631 3205 1698 3268 in
1724 3206 1890 3269 serie
1918 3206 2362 3287 vulgatorum,
2410 3205 2524 3268 cui
2551 3204 2777 3268 titulus

580 3312 702 3384 est,
754 3304 1228 3389 Bibliotheqne
1266 3304 1618 3388 classique
1665 3304 1921 3383 Latine,
1967 3325 2055 3370 ou
2087 3305 2460 3370 Collection
2489 3305 2612 3370 ‹1ae
2639 3305 2778 3369 Au-

575 3410 756 3472 teurs
805 3406 1188 3490 Classiques
1237 3406 1487 3483 Latius,
1536 3426 1702 3471 avec
1747 3407 1869 3472 des
1923 3406 2452 3487 commentaires
2502 3409 2780 3473 anciens

573 3515 642 3573 et
691 3527 1071 3586 nouveaux,
1117 3508 1235 3571 des
1286 3507 1508 3572 Index
1562 3510 1909 3593 complets,
1964 3511 2026 3575 le
2065 3514 2343 3593 portrait
2391 3511 2474 3574 de
2519 3511 2777 3593 chaque

577 3614 830 3686 auteur,
876 3610 993 3672 des
1023 3618 1241 3674 cartes
1271 3610 1819 3693 geographiqueS‚
1848 3614 1968 3675 &c.
2016 3613 2282 3694 publice
2315 3631 2442 3695 par
2487 3609 2780 3676 Nicolas

574 3710 731 3776 Eloi
766 3710 1086 3773 Lcmaire.

664 3811 1042 3895 Scriptores
1098 3811 1412 3889 Romani,
1481 3813 1626 3878 sive
1675 3814 1937 3880 Selecta
1979 3836 2069 3880 ex
2110 3816 2188 3881 C.
2234 3816 2502 3896 Tacito,
2543 3818 2664 3880 &a
2708 3817 2776 3879 in

576 3932 771 3979 usum
821 3913 1086 3978 Scholae
1141 3913 1539 3981 Etonensis:
1585 3921 1654 3980 et
1701 3916 1867 3982 ibid.
1917 3917 2290 3987 Conciones
2317 3926 2389 3984 et
2426 3918 2780 3986 Orationes

575 4032 668 4081 ex
698 4014 1061 4082 Historicis
1089 4015 1372 4081 Latinis.
