3050 4867
690 380 772 430 m
822 378 1346 435 nlnmornucls
1394 379 1597 430 BRI'I'.
1644 377 2189 432 SERVATORUU.
2377 363 2554 430 4543

340 532 445 599 cst
470 536 548 598 ut
588 530 677 597 ab
709 531 896 596 initio
927 528 1149 596 Taciti
1205 529 1475 596 codices
1526 529 1771 595 fuerint
1811 531 1983 611 rari3
2032 535 2102 596 et
2147 531 2207 595 si
2246 532 2553 617 primitus

336 648 475 700 non
490 632 926 712 abundarent,
953 636 1024 699 in
1046 635 1318 700 ‘saeculis
1349 634 1832 718 posterioribus
1855 633 2075 698 subito
2097 652 2214 697 eos
2240 635 2556 720 multipli‘-

336 732 486 803 ‘cari
542 756 680 803 non
727 740 833 802 est
870 736 1391 822 expectandum3
1440 737 1795 820 praecipue
1852 754 2005 801 cum
2062 734 2560 803 consideramus

345 858 550 924 quam
575 837 825 904 fervide
849 839 1220 904 libertatem
1247 841 1457 924 spiret
1482 839 1780 918 Tacitus,
1819 838 2091 922 quantis
2120 838 2387 922 probris
2416 857 2558 902 om-

233 1014 241 1024 ,
334 958 496 1005 nem
516 941 884 1024 tyramiidis
911 941 1209 1024 speciem
1229 946 1473 1018 oneret,
1513 945 1582 1006 et
1597 958 1840 1018 mores,
1888 938 2199 1018 consilia,
2238 940 2557 1022 regimina

338 1040 728 1127 principum
773 1040 1084 1125 detegat.¹
1201 1039 1541 1126 Occupari
1588 1043 1656 1106 in
1698 1040 1992 1105 historiis
2039 1040 2556 1106 transcribendis

340 1158 504 1228 ‘qnae
530 1148 668 1208 tam
695 1141 921 1209 vivide
959 1143 1349 1227 depingunt,
1388 1151 1525 1209 tam
1555 1145 1731 1208 serio
1754 1143 2115 1227 deplorant,
2148 1147 2284 1206 tam
2321 1144 2560 1207 acriter

338 1247 740 1329 impugnant
775 1245 929 1329 ipsa
955 1247 1119 1310 vitia
1171 1247 1421 1330 quibus
1451 1247 1732 1334 imperia
1770 1246 1972 1310 istius
2016 1244 2148 1308 aeui
2191 1245 2425 1308 misere
2463 1244 2564 1309 la·

350 1347 701 1426 borabam,
743 1347 867 1410 vix
896 1351 1077 1412 esset
1111 1348 1474 1434 prudentis.
1566 1348 1796 1413 Status
1844 1347 2025 1412 enim
2067 1344 2563 1430 Europaeorum

338 1448 634 1533 politici,
664 1449 809 1512 sive
837 1446 1270 1516 Aristarchiae
1300 1451 1442 1515 sive
1474 1448 1913 1528 Monarchiae,
1947 1449 2076 1514 hoc
2107 1448 2307 1514 modo
2335 1468 2565 1531 reg-na-

352 1551 634 1616 bantur:
676 1551 894 1635 iisqne
938 1550 1369 1629 confirmatis,
1429 1571 1561 1616 nec
1602 1551 1876 1616 libertas
1921 1549 2218 1635 publica,
2262 1570 2386 1614 nec
2431 1549 2568 1634 pri·-

348 1660 518 1716 vata
543 1651 776 1732 virtus,
831 1672 921 1718 ex
947 1650 1174 1718 Taciti
1202 1654 1576 1738 principiis,
1615 1652 1688 1716 in
1722 1656 1867 1717 tuto
1911 1670 2061 1715 esse
2107 1657 2378 1736 posset3
2423 1650 2569 1717 Ita-

348 1751 532 1831 licis,
564 1751 1016 1832 Germanicis,
1048 1753 1476 1839 Hispanicis,
1524 1753 1791 1820 cunctis
1832 1753 2136 1817 nimirum
2171 1753 2401 1817 liberis
2431 1751 2568 1818 Eu·

354 1854 634 1942 ropoeis,
681 1854 807 1919 etsi
841 1855 930 1918 ab
967 1874 1105 1920 una
1130 1854 1497 1939 eademqne
1539 1855 1910 1940 propagine
1949 1854 2302 1932 deductis,²
2350 1855 2571 1918 consi-

206 1970 223 1983 ·
340 1955 657 2033 millime,
714 1956 974 2041 duplici
1034 1957 1232 2041 qnasi
1287 1958 1468 2025 nodo
1518 1956 1963 2034 necessitatis,
2016 1975 2258 2040 nempe
2327 1953 2572 2039 Papali

362 2057 757 2123 auctoritate
817 2058 1276 2126 ecclesiastica
1343 2064 1412 2125 et
1468 2060 1832 2144 imperiali,
1900 2059 2319 2143 compressis.
2425 2054 2573 2120 Me-

358 2158 556 2238 liora,
602 2158 940 2226 fatendum
1002 2166 1129 2240 est,
1190 2161 1277 2227 de
1335 2165 1613 2247 imperio
1657 2162 2043 2227 Britannico
2087 2158 2575 2245 praedicantur3

360 2261 556 2346 cujus
594 2261 783 2327 laudi
824 2262 953 2327 fuit
1005 2269 1074 2328 et
1123 2264 1376 2348 gloriae,
1432 2262 1824 2348 reipublicae
1871 2262 2174 2340 formam,
2224 2276 2578 2325 cansarum

362 2363 701 2429 variarum
740 2365 1256 2448 conspiratione,
1302 2366 1629 2449 attigisse,
1675 2365 1964 2447 antiquis
2003 2363 2228 2446 potius
2278 2367 2578 2444 optatam

352 2484 562 2549 ’quam
605 2466 1025 2550 sperandam,
1058 2466 1314 2533 scilicet
1335 2467 1640 2544 liberam,
1668 2471 1743 2530 ut
1776 2469 2076 2543 vocatur,
2102 2461 2579 2540 monarchiam,

365 2566 482 2631 ubi
517 2567 701 2650 leges
735 2568 960 2652 potius
1011 2587 1213 2653 quam
1247 2578 1437 2651 reges
1481 2569 1868 2650 gubernant,
1916 2572 2005 2645 et,
2051 2570 2132 2631 ut
2174 2564 2384 2628 verba
2426 2564 2583 2646 ipsa

365 2664 593 2732 Taciti
637 2666 724 2732 ad
768 2675 1070 2734 nostrum
1120 2668 1544 2758 propositum
1600 2665 2208 2745 accommodemus,
2256 2666 2374 2730 ubi
2425 2669 2446 2699 ‘
2473 2682 2582 2728 res

356 2767 531 2832 ‘olim
585 2766 1056 2835 dissociabiles
1103 2772 1333 2835 mixtae
1391 2776 1567 2851 sunt,
1623 2771 2039 2857 principatus
2096 2774 2166 2835 et
2217 2764 2537 2834 libertas?
2557 2773 2579 2814 ³

348 2867 593 2935 ‘Nobis
618 2875 841 2937 tamen
866 2871 1268 2941 Britannicis
1295 2871 1520 2937 Taciti
1551 2872 1861 2937 codicum
1887 2871 2172 2956 penuria
2193 2869 2340 2947 fuit,
2368 2888 2459 2933 ex
2487 2868 2586 2933 rei

370 2970 805 3037 necessitate:
878 2971 1040 3037 dum
1088 2974 1265 3037 enim
1306 2972 1523 3037 fontes
1578 2991 1772 3056 paene
1842 2970 2016 3037 aridi
2064 2974 2271 3049 erant,
2316 2968 2587 3036 canales

369 3071 504 3139 huc
528 3071 814 3138 defluere
840 3073 963 3139 vix
988 3078 1305 3159 possent:
1350 3079 1417 3140 et
1458 3093 1632 3159 quos
1673 3074 1882 3140 nostri
1925 3074 2259 3139 rarissime
2303 3077 2421 3137 aut
2463 3071 2589 3137 vix

374 3172 644 3258 quidem
690 3174 1149 3258 possidebant,
1185 3176 1416 3241 forsan
1461 3195 1598 3241 non
1648 3174 2130 3254 intellexerunt,
2177 3175 2410 3258 itaque
2453 3191 2587 3237 non

372 3281 614 3342 norunt
639 3276 759 3343 uti.
844 3274 1044 3342 Alias
1088 3277 1268 3341 enim
1308 3277 1478 3343 inter
1520 3294 1791 3355 causas,
1838 3294 1959 3342 cnr
1997 3292 2136 3341 non
2184 3274 2591 3340 abundarent

375 3376 540 3446 talia
584 3379 1017 3467 autographa,
1062 3378 1211 3446 haec
1254 3379 1469 3453 tuisse
1510 3376 1800 3459 videtur,
1835 3382 1903 3443 et
1944 3375 2168 3444 forsan
2214 3375 2590 3466 praecipua,

1376 3568 1601 3622 2501·AE

449 3691 476 3740 1
512 3685 713 3740 an
740 3703 915 3742 rerum
935 3690 1177 3757 exempla
1196 3690 1321 3742 ntis
1341 3705 1448 3742 am·
1526 3690 1665 3742 libro
1703 3691 1770 3742 de
1803 3690 2040 3743 Moribus
2066 3690 2462 3759 Germanorum,
2483 3691 2595 3758 qni-

380 3765 472 3831 μα
491 3763 612 3816 vide
654 3765 709 3815 in
737 3766 894 3818 Noto
914 3766 1157 3818 Politice
1180 3765 1448 3818 Porstneri
1527 3766 1625 3817 bus
1656 3766 1897 3831 historiis,
1915 3766 2085 3831 quoad
2109 3766 2252 3831 talia,
2271 3767 2407 3818 inter
2423 3766 2598 3819 omnia

381 3842 542 3907 (Lug.
563 3840 684 3892 Bat-
709 3841 877 3906 1662),
896 3848 953 3893 et
974 3843 1049 3893 1ae
1067 3843 1217 3894 Sieur
1236 3841 1451 3894 Amelot
1528 3842 1858 3910 antiquitatis
1890 3842 2018 3892 nibil
2041 3848 2207 3892 restat
2223 3841 2388 3907 magis
2418 3840 2598 3907 ‘enni-

383 3916 453 3967 dc
473 3917 525 3968 ia
546 3916 822 3981 Homaie,
856 3930 948 3968 sur
968 3918 1020 3968 la
1040 3918 1246 3969 Μαι-εις
1266 3918 1334 3969 dc
1355 3918 1452 3969 Ta-
1529 3933 1657 3969 num
1677 3925 1768 3969 snt
1786 3919 2088 3982 pretiosum.

384 3993 512 4046 cite.
1595 3997 1628 4045 ⁸
1677 3993 1760 4043 Dc
1811 3993 1927 4045 Vita
1967 3994 2226 4057 Aga-teoto,
2283 4008 2400 4059 cap.
2441 3997 2492 4045 ⁸.
2540 3999 2600 4046 et

450 4074 486 4121 ¹
526 4068 700 4120 Uultu
740 4067 809 4119 de
849 4068 928 4120 bis
969 4068 1122 4122 rebus
1155 4066 1453 4136 colligenda
1531 4068 1968 4134 umanum-*epi
1986 4067 2255 4133 namtas,
2297 4068 2436 4120 inter
2456 4069 2601 4133 Ope·

386 4145 494 4201 sint
513 4158 545 4197 e
567 4143 791 4197 Cesaris
810 4145 948 4197 Bell.
963 4145 1104 4197 Gall.
1120 4151 1175 4197 et
1188 4145 1453 4213 pracipue
1532 4160 1594 4196 ra
1626 4145 1881 4211 Platonis,
1911 4144 2044 4199 edit.
2065 4143 2251 4211 metui,
2268 4143 2435 4212 Lugd.
2455 4148 2601 4197 169⁰.

387 4238 456 4279 ox
492 4222 669 4277 Taciti
710 4224 874 4277 nostri
909 4224 1035 4276 Vita
1073 4223 1359 4293 Agricola,
1393 4230 1453 4277 ct
1528 4236 1590 4289 p.
1613 4225 1729 4277 1⁰0.
