3050 4867
573 362 755 435 un
1242 373 1638 431 nnossnsus
1675 374 2112 429 anffionuu

653 534 777 591 tate
797 526 1123 591 lectionum
1148 526 1368 591 selecta
1396 526 1686 607 novisque
1699 525 2240 589 emendationibus.
2279 522 2606 591 Accedunt
2627 532 2808 591 tol!

653 633 717 687 et
741 623 929 685 Index
959 624 1292 686 historicus.
1335 625 1560 685 Studiis
1617 623 1917 685 societatis
1968 622 2321 704 Bipontinoe.
2377 622 2631 701 Bipont.
2695 637 2796 683 nr.

582 774 593 783 .
650 723 795 783 voll-

578 824 737 886 1780
787 827 853 877 et
902 826 1052 888 1781
1100 817 1482 889 Mannbemii,
1535 823 1592 876 8.
1635 816 1780 875 min.
1824 823 1842 849 ‘
1868 816 1942 874 C.
1984 816 2166 876 Corn.
2210 813 2410 873 Taciti
2437 814 2672 891 Opera,
2699 833 2798 877 re-

656 933 848 991 cogno
858 913 966 984 vit,
993 914 1350 985 emendavit,
1392 912 1821 990 supplementis
1848 909 2106 989 explevit
2132 908 2377 970 Gabriel
2434 910 2716 970 Brotier:
2740 930 2801 969 v.

652 1011 791 1070 voli.
831 1013 1101 1079 Quorum
1130 1021 1387 1091 quatuor
1434 1010 1628 1087 priora
1671 1018 1900 1068 textum
1927 1007 2126 1069 Taciti
2176 1004 2434 1075 habeon
2504 1004 2794 1084 quintum

630 1108 1061 1184 -aupplementa
1080 1108 1341 1169 exhibet.
1386 1107 1568 1167 Notae
1593 1105 1842 1166 Broterii
1869 1103 2289 1165 desiderantur.

1244 1352 1255 1359 ·
1374 1309 1987 1388 EDITIONES

1054 1508 1131 1569 LI
1139 1508 1489 1569 BRORUM
1526 1508 1816 1569 TACITI
1859 1506 2290 1569 MINORUM.

578 1678 732 1744 1472
772 1670 1077 1743 Bononiae,
1121 1669 1226 1730 fol.
1273 1671 1613 1733 Germania.
1696 1668 1967 1731 Laudata
2008 1669 2280 1730 Pichenae
2326 1664 2403 1729 ad
2453 1686 2510 1728 c.
2560 1675 2624 1729 2.
2673 1664 2788 1728 aed

649 1767 836 1831 dubia
863 1766 1158 1828 Ernestio.

568 1887 619 1931 ο.
648 1884 707 1927 a.
734 1872 797 1925 et
822 1864 859 1927 1.
889 1872 951 1925 4.
990 1864 1246 1934 (Romae,
1272 1861 1425 1923 sorte
1451 1882 1550 1941 ap.
1595 1863 1927 1942 Gensberg.
1949 1863 2114 1925 circa
2132 1882 2228 1923 an.
2255 1871 2432 1933 1473.
2461 1870 2569 1925 aut
2601 1869 2786 1931 1474.

650 1959 792 2023 vid.
840 1955 1175 2019 Audiffredi
1195 1959 1334 2018 Cat.
1378 1958 1519 2019 edd.
1561 1960 1736 2021 Rom.
1768 1981 1906 2020 saec.
1938 1976 2056 2021 xv.
2081 1979 2138 2039 p.
2172 1967 2316 2021 385.
2341 1968 2404 2020 et
2433 1958 2511 2018 cl.
2542 1958 2786 2020 Hal-lea»

647 2058 709 2118 in
735 2055 883 2116 Not.
914 2055 1078 2115 brev.
1107 2054 1346 2115 Literat.
1379 2056 1554 2115 Rom.
1585 2076 1648 2134 p.
1677 2059 1846 2130 397.)
1902 2056 2237 2116 Germania.
2266 2057 2459 2125 Quem
2488 2054 2784 2115 Codicem

646 2150 923 2230 Artolphi
973 2158 1149 2209 vocat
1194 2151 1553 2211 Rhenanus:
1592 2171 1667 2211 ex
1709 2171 1829 2232 qua
1873 2151 2170 2230 pleraeque
2218 2150 2497 2211 lectiones
2524 2150 2584 2209 in
2614 2158 2786 2210 textu

648 2247 916 2309 Rbenam
943 2245 1180 2320 fluxere,
1210 2248 1429 2325 quibus
1457 2248 1554 2310 ille
1579 2267 1618 2307 a
1646 2248 2048 2328 superioribus
2072 2247 2353 2327 exemplis
2380 2246 2601 2308 differt.
2639 2245 2785 2307 Vid.

650 2343 900 2406 Fabricii
928 2344 1086 2405 Bibl.
1116 2344 1250 2404 Lat.
1278 2344 1358 2403 T.
1391 2360 1469 2404 11.
1498 2362 1563 2423 p.
1595 2353 1731 2419 393.
2659 2416 2667 2425 ,

570 2440 730 2512 1476
770 2440 1052 2512 venetiis,
1080 2440 1344 2502 soh—de
1372 2440 1510 2512 situ,
1541 2440 1802 2501 moribus
1821 2446 1884 2501 et
1909 2439 2143 2519 populis
2164 2437 2499 2500 Germaniae
2518 2435 2784 2497 libellus.

647 2537 747 2599 Ad
774 2539 1002 2599 calcem
1031 2536 1281 2599 Diodori
1308 2535 1515 2608 Siculi,
1554 2538 1688 2597 lat.
1738 2543 1757 2569 ‘
1786 2536 2054 2596 venetiis
2079 2555 2186 2614 per
2210 2534 2512 2595 Andream
2533 2533 2782 2606 Jacobi.

645 2634 1118 2703 Katbarensem‚’
1196 2637 1336 2703 Qua
1363 2653 1502 2693 usus
1529 2641 1619 2693 est
1645 2632 1960 2693 Emeatiua.

566 2748 618 2790 a.
643 2746 701 2789 a.
730 2729 775 2789 l.
802 2738 865 2789 et
886 2737 1015 2807 typ.
1044 2738 1103 2789 4.
1128 2728 1503 2805 (Mediolani,
1540 2730 1742 2804 1482.)
1765 2729 1824 2788 J.
1862 2727 2154 2808 Agricolae
2180 2725 2318 2799 vita,
2346 2746 2483 2788 cum
2515 2729 2784 2809 Paneg-

641 2823 781 2885 ricis
809 2824 1120 2884 veteribus.

570 2929 727 2992 1493
767 2919 1052 2991 VenetiiS,
1081 2917 1186 2980 fol.
1226 2920 1564 2993 Germania,
1607 2919 1879 2981 Diodoro
1921 2919 2123 2982 Siculo
2169 2918 2460 2998 adjuncta
2485 2940 2524 2980 a
2549 2919 2780 3002 Poggio

640 3016 1001 3081 Florentino.

566 3120 727 3185 1497
768 3111 915 3177 ibid.
946 3111 1052 3173 fol.
1102 3112 1395 3190 Agricolae
1424 3111 1546 3173 vita
1573 3113 1882 3193 separatim
1933 3111 2097 3174 edita
2123 3131 2158 3173 a
2183 3114 2392 3175 Franc.
2422 3113 2782 3181 Puteolano.

643 3210 715 3269 In
742 3208 894 3269 fine:
937 3215 956 3241 ‘
985 3208 1246 3271 Venetiis
1287 3228 1396 3287 per
1435 3209 1775 3289 Philippum
1804 3211 1964 3288 pinci
1992 3213 2322 3289 sumptibus
2341 3209 2444 3270 dni
2473 3209 2787 3271 Benedicti

644 3305 722 3367 de
752 3305 1015 3366 fontana.
1112 3308 1285 3366 Anno
1312 3304 1417 3364 dni
1447 3321 1906 3366 mccccxcvu.
1934 3305 2031 3366 die
2059 3322 2245 3366 xxti.
2273 3305 2535 3366 Marcii!

568 3408 729 3474 1509
770 3401 1008 3481 Lipsiae,
1036 3412 1096 3463 4.
1127 3404 1306 3463 Corn.
1325 3402 1521 3462 Taciti
1542 3400 1618 3462 de
1639 3403 1779 3475 situ,
1804 3403 2062 3463 moribus
2083 3412 2145 3464 et
2169 3402 2409 3485 populis
2432 3401 2782 3463 Germania

642 3497 892 3568 libellus,
922 3517 961 3557 a
986 3497 1215 3576 Rhagio
1243 3497 1704 3577 AEsticampiauo
1731 3498 1947 3559 editus.

566 3602 718 3657 1511
762 3593 1049 3669 (Parisiis)
1088 3603 1148 3653 4.
1197 3594 1458 3654 Cornelii
1507 3595 1703 3655 Taciti
1733 3595 1810 3656 de
1836 3594 2060 3675 origiue
2087 3604 2149 3655 et
2184 3594 2302 3654 situ
2332 3595 2778 3658 Germanorum

641 3687 1014 3766 opusculum.
1060 3689 1209 3748 Cum
1260 3689 1482 3761 Berosi,
1535 3689 1766 3769 Myrsili
1807 3698 1872 3750 et
1912 3689 1988 3750 al.
2017 3688 2204 3770 fragg.
2246 3689 2380 3751 vid.
2405 3691 2486 3751 cl.
2517 3692 2783 3775 Harlesii

637 3783 975 3855 Introduct.
1003 3784 1063 3843 in
1090 3793 1217 3846 not.
1242 3786 1457 3848 literat.
1488 3788 1663 3849 Rom.
1689 3788 1769 3848 T.
1802 3804 1851 3848 1.
1876 3809 1938 3867 p.
1971 3796 2071 3857 74.

564 3888 723 3950 1517
764 3879 1116 3942 Mediolani.
1141 3884 1482 3958 Germania,
1512 3884 1592 3946 ab
1620 3886 1790 3947 Alex.
1821 3886 2167 3946 Minuciano
2192 3885 2509 3966 separatim
2537 3884 2733 3971 edita.

562 3984 723 4050 1519
764 3978 1031 4052 Basileia,
1087 3988 1145 4043 8.
1200 3982 1542 4057 Germania,
1591 4003 1732 4061 cum
1792 3982 2292 4045 commentariolo.
2369 3986 2427 4045 A
2476 3982 2780 4045 Rhenum

634 4083 868 4145 curata.
1054 4140 1061 4151 ‚
2655 4082 2664 4091 ⁶

563 4176 721 4242 1529
762 4172 1127 4255 Noribergae,
1154 4184 1216 4239 4.
1236 4177 1558 4239 Germania
1583 4196 1722 4241 cum
1748 4186 2066 4241 comment.
2085 4177 2430 4241 Althameri.
2474 4176 2601 4250 Qui
2617 4178 2794 4243 liber
