3050 4867
519 360 693 430 4468
1237 374 1295 424 J.
1347 374 1569 425 mrsu
1623 364 2017 423 Excunsus

1588 590 1658 641 K.

586 758 722 808 Car.
742 759 823 806 59.
856 753 1010 807 Quod
1049 753 1140 813 ait,
1163 751 1385 817 pedibus
1407 751 1649 802 intectis:
1682 764 1783 799 non
1810 750 1965 813 plane
1990 760 2168 798 verum
2205 755 2305 808 est,
2328 747 2421 797 sed
2442 746 2496 797 in
2520 762 2731 813 compa·

520 838 722 887 ratione
743 849 860 885 cum
897 833 1082 883 calceis
1123 832 1402 891 Romanis;
1437 829 1528 896 qui
1564 829 1848 891 altiusculi,
1886 843 1988 878 non
2030 830 2194 878 solum
2240 828 2370 878 imos
2408 827 2588 892 pedes,
2632 826 2731 877 sed

517 917 675 968 tibias
720 915 962 964 velabant
1016 927 1168 964 crure
1223 916 1392 962 tenus.
1459 908 1742 961 Horatius:
1796 909 1812 937 ‘
1852 906 2011 973 nigris
2050 908 2273 960 medinm
2315 904 2553 973 impediit
2608 922 2728 959 crus

519 997 788 1048 Pellibus!
848 994 1069 1044 Titinius
1089 994 1141 1044 in
1163 993 1369 1044 Setina:
1405 990 1421 1021 ⁸
1445 992 1481 1043 J
1486 1006 1566 1041 am
1590 1005 1706 1041 cum
1729 991 1930 1041 mulleis
1956 997 2011 1041 te
2043 991 2331 1054 ostendisti,
2356 1005 2483 1057 quos
2504 989 2731 1040 tibiatim

518 1076 761 1128 calceas)
821 1074 1171 1126 Tertullianus
1208 1074 1273 1123 de
1311 1070 1515 1122 Pallio:
1569 1070 1586 1099 ‘
1625 1070 1836 1135 Impuro
1879 1071 2017 1120 cruri
2061 1086 2243 1134 purum
2298 1077 2390 1121 aut
2428 1071 2730 1121 mulleolum

520 1157 725 1208 inducit
767 1154 1034 1207 calceum?
1096 1157 1166 1207 Et
1205 1158 1379 1204 exstat
1418 1152 1714 1215 exemplum
1756 1150 1910 1201 bodie
1948 1151 2001 1199 in
2048 1151 2239 1201 calceis
2279 1151 2565 1201 Turcarnm
2589 1150 2733 1200 Pan-

523 1238 917 1301 noniorumque.
991 1235 1068 1285 At
1110 1235 1358 1299 crepida‘,
1402 1234 1575 1295 soleoe,
1621 1235 1916 1297 plantarum
1948 1233 2120 1282 calces
2164 1238 2367 1282 tantum
2402 1233 2529 1281 imas
2584 1236 2730 1295 tege-

520 1319 669 1381 bant,
705 1318 897 1367 ceteris
933 1314 1045 1366 fere
1083 1316 1252 1366 nudis.
1319 1315 1448 1365 Ideo
1471 1315 1607 1364 bene
1628 1320 1823 1377 noster,
1839 1300 1865 1341 ‘⁸
1878 1313 2100 1379 pedibus
2125 1312 2372 1363 intectis.'
2438 1311 2594 1361 Hunc
2615 1326 2733 1362 sen·

522 1412 635 1447 sum
658 1396 829 1446 firmat
863 1394 994 1458 ipse,
1015 1395 1137 1445 dum
1175 1394 1381 1446 subdit:
1415 1396 1431 1424 ‘
1453 1395 1518 1445 P.
1542 1392 1797 1459 Scipionis
1820 1393 2170 1457 emulatione,
2199 1409 2352 1459 quem
2374 1393 2553 1444 eadem
2576 1386 2731 1442 facti-

520 1476 715 1527 tavisse
759 1474 898 1538 apud
939 1475 1165 1525 Siciliam
1206 1472 1540 1538 accepimus?
1604 1472 1779 1538 Scipio
1813 1480 1987 1523 autem
2028 1473 2100 1522 ibi
2143 1472 2458 1536 crepidatus.
2522 1470 2727 1521 Livius:

521 1554 539 1587 ‘
567 1555 746 1619 Ipsius
779 1555 938 1606 etiam
973 1555 1313 1620 Imperatoris
1355 1570 1458 1605 non
1494 1555 1760 1605 Romanus
1797 1553 1971 1618 modo,
2008 1554 2100 1603 sed
2143 1568 2210 1603 ne
2250 1551 2488 1602 militaris
2519 1550 2729 1617 quidem

521 1635 1045 1698 cultusjactabatur3
1078 1650 1196 1691 cum
1236 1636 1395 1699 pallio
1416 1634 1745 1699 crepidisque
1780 1632 2101 1684 inambulare
2124 1634 2174 1683 in
2208 1628 2504 1698 gymnasio?
2570 1630 2730 1683 Quod

519 1718 695 1764 tamen
717 1716 872 1765 molle
893 1722 951 1766 et
972 1713 1323 1766 effeminatum
1346 1715 1685 1766 censebatur:
1722 1720 1777 1763 et
1815 1714 2060 1763 Manilius
2099 1713 2347 1764 delicatos
2382 1711 2593 1775 insignit
2630 1711 2729 1760 hac

520 1801 679 1845 nota:
712 1796 728 1823 ‘
751 1796 1012 1845 Femineae
1037 1803 1229 1858 vestes,
1250 1810 1400 1846 nexse
1422 1795 1533 1843 sine
1559 1793 1786 1857 tegmine
1806 1793 2039 1857 plantae!
2107 1793 2185 1842 Ut
2221 1792 2452 1856 Scaliger
2491 1790 2734 1841 emenda-

521 1876 633 1935 vit3
674 1876 774 1925 etsi
797 1882 943 1925 vetus
967 1876 1149 1938 lectio,
1168 1891 1254 1925 nec
1274 1877 1436 1925 inunt
1474 1876 1685 1936 tegmina
1700 1892 1716 1924 .·
1749 1891 1814 1924 ex
1837 1890 1941 1940 qua
1964 1874 2249 1938 tentabam,
2267 1889 2351 1923 nec
2370 1874 2425 1921 in
2460 1886 2595 1921 nsunt
2627 1878 2736 1935 teg-

519 1954 669 2004 mina.
733 1955 961 2004 Diouem
992 1954 1153 2004 etiarn
1195 1970 1296 2005 non
1337 1956 1487 2005 aliter
1522 1955 1764 2016 exaudio,
1799 1953 1866 2004 de
1905 1953 2153 2018 Caliguloe
2188 1952 2354 2003 ludis:
2390 1950 2467 2002 καὶ
2501 1954 2608 2014 ἐξῆν
2651 1950 2733 2001 καὶ

522 2030 828 2093 buu-officis
843 2034 1149 2095 βουλομένοις
1179 2032 1454 2099 θεάσασθαι,
1488 2030 1791 2099 νομιζόμενον
1807 2034 1896 2096 μέν
1915 2053 2007 2084 που
2040 2034 2133 2084 ἀπὸ
2167 2036 2255 2083 τοῦ
2271 2032 2392 2083 πάνυ
2422 2033 2635 2098 ἀρχαίου,
2650 2030 2734 2083 καὶ

520 2112 730 2176 δικάζειν
766 2116 896 2164 τινὰς
933 2115 984 2163 ἐν
1032 2119 1100 2176 τῷ
1136 2113 1256 2178 θέρει
1288 2114 1452 2180 οὕτως,
1487 2115 1567 2165 καὶ
1597 2113 1831 2165 πολλάκις
1867 2112 1946 2164 καὶ
1988 2110 2078 2162 ὑπὸ
2112 2115 2199 2163 τοῦ
2234 2112 2508 2175 Αὐγούστου
2539 2114 2591 2162 ἐν
2626 2114 2738 2165 ταῖς

524 2196 721 2257 θεριναῖς
769 2192 1057 2258 πανηγύρεσι
1111 2193 1381 2259 γενόμενον,
1431 2193 1680 2257 ἐκλειφθὲν
1710 2193 1763 2244 δὲ
1795 2193 1883 2244 ὑπὸ
1916 2196 2003 2242 τοῦ
2035 2190 2280 2258 Τιβερίουτ
2317 2194 2371 2243 id
2405 2199 2515 2243 est:
2558 2192 2734 2244 Volen-

520 2275 651 2324 tibus
669 2275 812 2324 etiam
831 2276 1124 2325 discalceatis
1141 2281 1354 2340 spectare
1370 2278 1644 2340 permissum
1668 2292 1685 2324 :
1706 2276 1827 2340 quod
1853 2277 2082 2325 usitatum
2112 2276 2228 2324 olim
2243 2292 2264 2334 ,-
2293 2279 2349 2323 ut
2376 2274 2521 2324 etium
2538 2272 2734 2337 quidm

507 2350 698 2414 judicia
734 2355 819 2403 Ιιοσ
850 2354 1017 2405 habita
1051 2359 1235 2405 estatis
1255 2362 1460 2419 tempore
1491 2356 1869 2418 exercuerim&
1892 2354 1996 2418 ipse
2012 2352 2256 2417 Augustus
2276 2355 2347 2403 ita
2366 2369 2487 2417 soepe
2504 2356 2735 2417 spectu-it

521 2436 885 2493 oedioosluulon
916 2435 1135 2485 omissum
1156 2441 1312 2486 tamen
1347 2454 1378 2485 α
1404 2436 1609 2486 Tiberio.
1675 2435 1781 2485 Ubi
1822 2433 2134 2494 ἆνυποδήτους
2169 2449 2287 2484 vere
2324 2434 2564 2497 verteris,
2598 2435 2733 2484 sole-

521 2520 637 2563 atos
675 2520 768 2564 ant
811 2514 1128 2578 crepidatos.
1215 2516 1488 2567 Quomodo
1542 2516 1702 2566 etiam
1762 2516 2002 2565 convivia
2040 2514 2445 2581 frequentabant
2490 2514 2735 2578 Romani,

523 2593 714 2644 calceis
748 2594 860 2660 (qui
899 2595 1036 2645 inter
1069 2593 1295 2645 forensia
1336 2593 1709 2659 censebantur)
1746 2595 1962 2645 omissis.
2028 2594 2092 2644 In
2114 2594 2251 2645 omni
2274 2607 2398 2657 ergo
2419 2594 2738 2660 remissione,

518 2688 616 2737 per
648 2676 899 2737 convivia,
938 2689 1036 2738 per
1070 2674 1240 2738 ludos,
1278 2689 1374 2739 per
1412 2675 1593 2738 otium,
1631 2675 1843 2724 Romani
1876 2675 2080 2725 soleati.
2146 2676 2289 2726 Nota
2309 2677 2446 2725 enim
2465 2677 2736 2729 Ciceronis

522 2752 817 2881 ingrepatio
851 2755 904 2804 in
924 2756 1166 2821 Verrem,
1185 2754 1272 2822 qui
1313 2756 1368 2805 in
1406 2756 1590 2806 littore
1623 2758 1878 2807 soleatus:
1915 2763 1972 2806 et
2008 2756 2060 2805 in
2082 2754 2381 2821 Antonium,
2404 2757 2490 2822 qui
2512 2758 2736 2810 Gallicis

521 2832 576 2882 in
617 2841 750 2884 utus.

1602 2998 1664 3053 Ι..

590 3154 829 3209 Cardo.
894 3158 1009 3209 Mos
1055 3159 1144 3225 qui
1184 3160 1394 3225 publice
1438 3160 1728 3223 obtinebat,
1772 3156 2133 3226 privatimque.
2195 3160 2433 3223 Publice,
2468 3160 2653 3213 Livius
2692 3164 2735 3214 1.

523 3248 729 3289 xxxvi.
763 3241 778 3268 ‘
802 3241 1034 3290 Consulti
1067 3240 1277 3292 feciales
1299 3242 1379 3291 Μ.
1403 3240 1577 3292 Acilio
1596 3242 1837 3306 Consule,
1858 3256 1980 3291 num
2019 3241 2160 3305 prins
2183 3240 2365 3291 AEtolis
2387 3242 2737 3294 renuntianda

521 3318 752 3368 amicitia
773 3326 930 3381 esset,
961 3335 1111 3384 qnam
1154 3322 1350 3372 bellum
1389 3320 1754 3373 inferendum?
1816 3324 1880 3373 L.
1924 3323 2123 3372 κιαι(
2149 3322 2299 3371 Missi
2337 3322 2496 3386 legati
2529 3322 2735 3375 Perseo

523 3398 805 3448 amicitiam
846 3400 1236 3451 renuntiarunt!
1301 3401 1577 3463 Privatim,
1622 3401 1760 3452 infra
1797 3404 1831 3451 l.
1866 3416 1945 3452 vr.
1979 3405 1997 3432 ‘
2025 3403 2227 3452 Morem
2272 3402 2427 3453 fuisse
2451 3404 2736 3467 majoribus

521 3478 727 3542 quoties
749 3478 1054 3531 dirimerent
1088 3480 1357 3542 amicitias,
1397 3482 1716 3533 interdicere
1753 3482 1925 3546 domo,
1963 3497 2185 3548 eumque
2222 3483 2378 3532 finem
2422 3485 2606 3549 gratias
2643 3502 2735 3551 po-

521 3556 687 3607 nere.'
752 3559 811 3607 1..
833 3571 921 3606 nr.
944 3560 961 3587 ‘
984 3560 1302 3626 Quamquam
1327 3576 1431 3611 non
1453 3562 1591 3612 ultra
1611 3561 1750 3612 foret
1774 3564 2029 3626 saevitum,
2057 3578 2210 3628 quam
2233 3569 2289 3612 nt
2313 3564 2539 3615 amicitia
2560 3568 2732 3617 Caesa-

515 3636 595 3685 ris
634 3634 1033 3698 prohiberetur!
1097 3639 1371 3689 Suetonius
1410 3640 1548 3705 Aug.
1586 3656 1635 3692 c.
1672 3647 1755 3692 66.
1787 3644 1804 3671 ⁴
1839 3643 2081 3693 Cornelio
2115 3644 2268 3694 Gallo
2305 3645 2371 3694 ob
2394 3645 2652 3707 ingratum
2676 3650 2734 3697 et

520 3714 831 3764 malevolum
870 3717 1094 3766 animum
1137 3718 1291 3769 domo
1335 3725 1389 3769 ct
1428 3721 1711 3785 provinciis
1750 3721 1853 3772 suis
1894 3722 2200 3774 interdixit?
2286 3723 2433 3774 Idem
2473 3724 2525 3773 in
2565 3724 2734 3775 Claris

519 3792 810 3844 Grammat.
850 3795 916 3845 de
955 3798 1140 3848 Curtio
1177 3800 1361 3850 Nicia:
1393 3800 1410 3829 ‘
1434 3801 1743 3866 Pompeium
1781 3803 2012 3867 offendit,
2034 3803 2284 3869 domoque
2305 3804 2356 3854 ei
2395 3804 2733 3856 interdictum

517 3874 640 3925 est!
708 3877 792 3925 Sic
829 3877 1023 3928 Badius
1062 3878 1357 3945 Campanus
1391 3882 1531 3947 apud
1568 3884 1771 3933 Livium
1815 3898 1947 3935 xxV.
1986 3884 2154 3948 palam
2193 3887 2428 3935 omnibus
2463 3887 2734 3937 renuntiat

517 3952 797 4019 hospitium
832 3958 1086 4024 Crispino.
1152 3962 1329 4026 Atque
1360 3963 1456 4013 boc
1478 3970 1583 4025 est,
1605 3964 1741 4027 quod
1764 3965 1948 4015 Cicero
1977 3966 2275 4016 inimicitias
2299 3967 2610 4019 denunciare
2634 3968 2733 4029 ait,

521 4050 617 4099 pro
640 4038 701 4086 L.
725 4038 943 4088 Flacco:
979 4041 996 4068 ‘
1020 4042 1230 4092 Etenim
1252 4058 1368 4092 cum
1390 4059 1421 4093 a
1443 4045 1740 4095 clarissimis
1764 4046 1888 4095 viris
1911 4046 2222 4110 justissimas
2259 4047 2549 4098 inimicitias
2585 4061 2730 4112 sepe

519 4129 638 4166 cum
660 4116 795 4169 bene
817 4120 1015 4171 meritis
1037 4123 1239 4174 civibus
1263 4123 1529 4189 depositas
1552 4140 1667 4176 esse
1690 4126 1961 4178 vidissem:
1996 4143 2099 4178 non
2122 4143 2232 4178 sum
2254 4128 2534 4179 arbitratus
2555 4141 2739 4194 quem-

521 4209 678 4260 quam
712 4197 931 4249 amicum
965 4201 1149 4264 patrio
1170 4217 1331 4254 novas
1354 4203 1473 4256 huic
1507 4205 1806 4258 iuimicitias
1844 4208 1990 4259 nulla
2011 4214 2233 4273 accepta
2250 4208 2442 4273 injuria
2460 4208 2739 4261 denuntia·
