3050 4867
788 372 795 379 ·
870 356 1154 413 mun.
1200 362 1311 411 ιιι.
1357 355 1919 411 ms'rouuunm:
2225 344 2232 357 ‘
2305 340 2488 413 ‘4511

284 502 594 572 adjunxere.
644 502 776 555 mie
798 504 1063 569 cognitum
1086 504 1181 555 tris
1200 504 1505 556 Vitellianas
1525 504 1787 569 cobortes,
1807 492 2017 556 et*alam
2034 505 2119 556 cai
2141 500 2490 559 Scriboniano

292 600 498 646 nomen,
517 585 582 636 ad
607 586 797 636 Forum
819 585 999 636 Alieni
1020 593 1178 649 ponte
1190 587 1375 651 juncto
1397 587 1709 638 consedisse.
1763 587 1971 637 Placuit
1991 589 2195 637 occasio
2215 586 2490 638 invadendi

294 667 603 716 incuriosos:
658 679 775 714 nam
817 665 867 713 id
906 681 1113 731 qnoque
1151 667 1506 717 nuntiabatur.
1575 667 1713 716 Luce
1755 667 1920 730 prima
1963 667 2182 716 inermes
2220 667 2489 733 plerosque

292 759 613 810 oppressere.
683 744 1002 795 Praedictum
1041 753 1100 796 nt
1138 746 1318 811 paucis
1340 745 1634 797 interfectis
1661 753 1862 797 ceteros
1886 761 2078 811 pavore
2101 748 2166 797 ad
2192 747 2490 798 mutandam

292 825 447 876 tidem
487 831 747 889 cogerent.
814 826 886 875 Et
926 824 1073 876 fuere
1094 828 1182 892 qui
1219 841 1274 877 se
1314 828 1491 878 statim
1534 828 1814 878 dederent:
1867 830 2041 892 piures
2074 828 2296 893 abrupto
2331 836 2491 892 ponte

292 907 508 957 instanti
530 906 663 955 hosti
690 906 823 956 viam
841 905 1182 958 abstulerunt.
1247 909 1477 972 Vulgata
1506 910 1725 959 victoria
1744 916 1860 974 post
1886 909 2142 973 principia
2163 909 2289 959 belii
2309 923 2491 959 secun-

292 988 413 1037 dum
437 987 726 1049 Flavianos,
747 987 863 1037 duae
895 988 1144 1050 legiones,
1167 988 1384 1051 septima
1407 989 1683 1049 Galbiana,
1722 989 2077 1038 tertiadecima
2107 989 2348 1052 Gemina,
2369 1005 2492 1040 cum

290 1068 459 1118 Vedio
477 1069 664 1135 Aquila
688 1070 858 1134 legato
885 1070 1156 1119 Patavium
1198 1071 1392 1120 alacres
1424 1069 1661 1120 veniunt.
1729 1068 1813 1118 lbi
1837 1070 1993 1132 pauci
2035 1068 2147 1118 dies
2172 1070 2239 1118 ad
2260 1070 2489 1136 requiem

289 1150 460 1211 sumti,
502 1158 560 1199 et
604 1150 855 1200 Minutlus
886 1150 1071 1201 Justus
1109 1148 1259 1213 proef.
1296 1156 1583 1199 castrorum
1621 1150 1723 1212 leg.
1759 1160 1857 1198 vu.
1892 1149 2015 1213 quia
2050 1148 2295 1199 audacius
2334 1163 2488 1215 quam

288 1230 426 1279 civili
451 1229 584 1280 bello
609 1229 958 1294 imperitabat,
978 1230 1271 1280 subtractus
1290 1231 1509 1281 militum
1534 1231 1643 1292 irae,
1682 1230 1748 1279 ad
1771 1230 2142 1293 Vespasianum
2179 1230 2362 1281 missus
2384 1239 2487 1282 est.

289 1311 604 1361 Desiderata
639 1311 728 1362 diu
766 1325 849 1360 res
888 1311 1321 1374 interpretatione
1357 1312 1536 1375 gloriae
1581 1312 1634 1361 in
1679 1311 1845 1374 majus
1893 1311 2163 1374 accipitur,
2216 1319 2487 1378 postquam

292 1390 476 1441 Galbae
500 1391 746 1455 imagines
767 1391 1029 1442 discordia
1051 1398 1339 1455 temporum
1364 1392 1635 1442 subversas
1670 1393 1722 1442 in
1757 1392 1989 1442 omnibus
2014 1393 2306 1457 municipiis
2328 1393 2492 1444 recoli

280 1471 441 1536 jussit
476 1470 750 1532 Antonius,
786 1471 1029 1523 decorum
1071 1487 1165 1537 pro
1202 1488 1385 1523 caussa
1423 1481 1567 1523 ratus
1602 1474 1645 1522 si
1682 1473 1887 1537 placere
1919 1473 2106 1523 Galba
2141 1473 2490 1537 principatum

293 1558 468 1615 partes
497 1559 889 1615 praesumerent.
956 1553 1242 1604 Quaesitum
1283 1553 1404 1603 inde
1427 1568 1544 1618 quae
1584 1553 1734 1603 sedes
1757 1553 1897 1602 bello
1933 1554 2213 1617 legeretur.
2279 1555 2489 1604 Verona

289 1632 458 1696 potior
481 1633 607 1691 visa,
632 1632 928 1696 patentibus
951 1633 1146 1682 circum
1180 1634 1375 1709 caqpis
1415 1633 1481 1683 ad
1520 1644 1750 1697 pugnam
1780 1638 2076 1697 equestrem
2098 1648 2200 1699 qua
2237 1635 2487 1697 praevale·

287 1714 447 1765 bant:
481 1716 632 1764 simul
654 1715 907 1765 coloniam
928 1715 1093 1779 copiis
1111 1715 1334 1765 validam
1356 1714 1564 1765 anferre
1587 1714 1800 1765 Vitellio
1822 1716 1874 1765 in
1898 1730 2008 1764 rem
2029 1714 2320 1780 famamque
2344 1715 2490 1766 vide·

290 1795 463 1845 batur.
517 1796 764 1845 Possessa
785 1796 897 1860 ipso
918 1797 1139 1860 transitu
1158 1796 1433 1846 vicentia:
1469 1797 1606 1861 quod
1628 1810 1723 1860 per
1743 1810 1801 1845 se
1823 1810 2004 1859 parum
2022 1794 2239 1860 (etenim
2261 1795 2485 1847 medieas

287 1875 571 1939 municipio
595 1874 759 1939 vires)
779 1878 948 1940 magni
970 1877 1217 1927 momenti
1238 1878 1409 1928 locum
1443 1877 1690 1939 obtinuit,
1713 1876 2073 1940 reputantibus
2094 1876 2200 1925 iilic
2224 1875 2487 1925 Coeeiaam

287 1956 536 2023 genitum,
557 1964 612 2007 et
648 1957 866 2021 patriam
900 1958 1125 2011 bostium
1148 1957 1267 2008 duci
1289 1966 1541 2021 ereptam.
1606 1957 1670 2006 Ῑιι
1692 1955 2082 2006 Veronensibus
2105 1956 2329 2019 pretium
2351 1953 2484 2006 suit:

286 2037 525 2100 exemplo
561 2036 847 2101 opibusque
882 2044 1055 2101 partes
1082 2038 1287 2102 juvere.
1355 2039 1424 2087 Et
1461 2037 1784 2101 interceptus
1821 2036 2083 2086 exercitus
2119 2050 2215 2099 per
2257 2034 2482 2085 Raetiam

287 2116 557 2181 Juliasqne
578 2116 770 2182 Alpes:
805 2133 866 2167 ac
901 2133 967 2167 ne
1002 2119 1236 2182 pervium
1275 2119 1366 2168 illa
1401 2117 1725 2169 Germanicis
1757 2116 2071 2166 exercitibus
2108 2114 2266 2178 foret,
2298 2115 2484 2181 obsep-

287 2205 444 2247 serat.
514 2198 645 2249 Qum
682 2198 860 2261 ignara
894 2200 1209 2262 Vespasiano
1244 2206 1334 2248 aut
1368 2199 1558 2248 vetita:
1594 2197 1790 2262 quippe
1828 2196 2082 2261 Aquileiae
2123 2195 2236 2245 sisti
2273 2195 2484 2259 bellum,

285 2278 681 2343 exspectarique
703 2278 1252 2342 Mucianumjubebat.
1320 2277 1712 2341 Adjiciebatque
1733 2275 1952 2339 imperio
1971 2275 2256 2338 consilium,
2277 2276 2484 2340 quando

289 2355 563 2421 AEgyptus,
585 2359 812 2410 claustra
834 2374 1066 2423 aunnnae,
1104 2358 1383 2422 vectigalia
1404 2357 1908 2422 opulentissimarum
1943 2355 2319 2420 provinciarum
2354 2356 2486 2407 obti-

283 2445 552 2501 nerentur,
590 2454 742 2502 posse
764 2440 963 2489 Vitellii
998 2439 1286 2490 exercitum
1309 2446 1547 2504 egestate
1569 2437 1819 2501 stipendii
1856 2435 2207 2500 frumentique
2231 2435 2296 2485 ad
2338 2436 2483 2486 dedi-

286 2509 478 2569 tionem
502 2519 686 2583 subigi.
754 2521 949 2573 Eadem
975 2521 1248 2571 Mucianus
1267 2521 1467 2571 crebris
1504 2519 1741 2585 epistolis
1777 2518 2042 2579 monebat,
2081 2516 2403 2566 incruentam
2427 2522 2483 2568 et

284 2599 395 2649 sine
439 2600 585 2649 luctu
622 2601 887 2650 victoriam
926 2608 982 2650 et
1019 2601 1120 2650 alia
1154 2599 1506 2665 hujuscemodi
1553 2597 1913 2663 praetexendo,
1951 2597 2041 2647 sed
2082 2596 2260 2660 gloriae
2299 2598 2482 2647 avidus

281 2688 440 2744 atque
482 2693 630 2728 omne
674 2679 798 2728 belli
838 2681 999 2729 decus
1037 2680 1136 2730 sibi
1169 2682 1418 2730 retinens.
1486 2680 1734 2729 Ceterum
1767 2692 1835 2727 ex
1872 2676 2185 2726 instantibus
2224 2685 2480 2728 terrarum

280 2760 462 2823 spatiis
496 2759 707 2809 consilia
747 2765 867 2823 post
903 2774 986 2810 res
1025 2758 1397 2811 afferebantur.
1464 2760 1636 2824 Igitur
1672 2759 1942 2823 repentino
1977 2759 2189 2809 incursu
2227 2757 2484 2810 Antonius

279 2837 532 2888 stationes
556 2839 775 2889 bostium
795 2839 1004 2903 irrupit,
1026 2840 1344 2905 tentatisque
1369 2840 1470 2889 levi
1494 2840 1676 2904 proelio
1697 2839 1983 2903 animis„ex
2006 2853 2156 2904 aequo
2178 2839 2480 2898 discessum.

281 2918 410 2969 Mox
452 2920 659 2970 Caecina
680 2920 819 2970 inter
843 2920 1119 2970 Hostiliam
1143 2923 1310 2971 vicum
1338 2921 1709 2971 veronensium
1732 2927 1789 2970 et
1828 2919 2041 2984 paludes
2080 2919 2285 2968 Tartari
2317 2917 2483 2967 flumi-

274 2998 361 3048 nis
379 3006 554 3067 castra
576 3000 876 3065 permuniit,
912 3007 1055 3051 tutus
1077 3001 1211 3063 loco,
1248 3017 1367 3051 eum
1389 3008 1542 3065 terga
1579 2999 1813 3059 flumine,
1846 3000 2010 3048 latera
2031 2999 2244 3061 objectu
2278 2998 2480 3062 paludis

281 3086 597 3142 tegerentur.
681 3081 833 3132 Quod
864 3080 906 3129 si
946 3079 1182 3132 affuisset
1218 3080 1368 3144 fides,
1405 3089 1495 3131 aut
1533 3081 1757 3145 opprimi
1795 3080 2044 3130 universis
2082 3078 2479 3130 Vitellianorum

281 3158 479 3210 viribus
499 3159 615 3210 dnae
642 3161 867 3223 legiones
890 3160 1112 3211 nondum
1147 3162 1427 3226 conjuncto
1452 3161 1670 3211 Moesico
1691 3160 1927 3211 exercitu
1951 3165 2184 3223 potuere,
2204 3164 2297 3210 aut
2313 3168 2478 3210 retro·

278 3244 413 3289 actae
451 3239 663 3291 deserta
693 3241 852 3292 Italia
886 3249 1087 3304 turpem
1122 3240 1298 3305 fugam
1333 3241 1724 3291 conscivissent.
1802 3239 1906 3289 sed
1930 3239 2142 3289 Caeciua
2182 3253 2276 3303 per
2310 3241 2479 3290 varias

277 3332 445 3369 moras
466 3321 633 3384 prima
654 3322 886 3371 hostibus
902 3320 1138 3370 vendidit
1163 3328 1396 3385 tempora
1417 3320 1563 3383 beili,
1580 3320 1703 3370 dum
1725 3334 1852 3386 quos
1876 3320 2029 3368 armis
2052 3319 2247 3383 pellere
2272 3334 2478 3385 promp-

279 3407 392 3449 tum
428 3410 560 3465 erat,
592 3402 828 3466 epistolis
868 3402 1129 3465 increpat,
1171 3402 1336 3451 donec
1377 3400 1472 3466 pe'r
1512 3402 1723 3451 nuncios
1763 3408 1919 3465 pacta
1959 3399 2190 3464 perfidiae
2225 3399 2475 3454 firmaret.

276 3476 500 3530 Interim
539 3480 773 3545 Aponius
795 3482 1098 3531 Saturninus
1121 3497 1235 3532 cum
1277 3482 1479 3545 legione
1515 3494 1619 3530 vu.
1653 3481 1937 3531 Claudiana
1967 3480 2197 3531 advenit.
2261 3482 2475 3546 Legioni

275 3558 513 3610 tribunus
530 3562 808 3626 Vipsanius
835 3562 1083 3613 Messalla
1107 3571 1353 3626 proeerat,
1376 3563 1529 3612 claris
1557 3562 1854 3626 majoribus,
1885 3562 2125 3627 egregius
2147 3562 2278 3627 ipse,
2308 3569 2364 3612 et
2387 3564 2476 3631 qui

279 3642 345 3691 ad
369 3641 418 3690 id
447 3642 636 3691 bellum
667 3644 806 3692 solus
830 3650 970 3693 artes
992 3642 1150 3693 bonas
1173 3642 1450 3692 attulisset.
1520 3642 1631 3691 Has
1656 3641 1721 3691 ad
1759 3642 1933 3706 copias
1958 3657 2279 3706 nequaquam
2310 3643 2477 3693 Vitel-

275 3721 427 3771 lianis
450 3736 601 3786 pares
632 3722 852 3788 (quippe
891 3729 1000 3773 tres
1033 3723 1199 3773 adhuc
1243 3721 1470 3786 legiones
1498 3721 1682 3784 erant)
1712 3722 1851 3773 misit
1873 3722 2115 3787 epistolas
2139 3723 2363 3783 Caecina,
2395 3729 2475 3773 te·

276 3802 569 3852 meritatem
594 3802 732 3851 victa
752 3818 896 3852 arma
933 3804 1267 3853 tractantium
1304 3804 1558 3855 incusans.
1622 3803 1783 3853 Simul
1807 3804 1967 3853 virtus
1987 3802 2287 3853 Germanici
2327 3818 2475 3852 exer-

279 3870 416 3932 citus
450 3882 687 3933 laudibus
729 3884 1087 3947 attollebatur,
1115 3884 1317 3933 Vitellii
1354 3883 1557 3933 modica
1593 3890 1649 3932 et
1683 3883 1883 3948 vulgari
1927 3884 2207 3945 mentione,
2238 3883 2380 3951 nulla
2420 3883 2473 3933 in

272 3963 650 4027 'Vespasianum
673 3966 999 4015 contumelia.
1065 3964 1208 4015 Nihil
1230 3978 1439 4029 prorsus
1469 3962 1606 4028 quod
1645 3968 1735 4012 aut
1755 3972 2112 4025 corrumperet
2131 3962 2352 4024 bostem,
2384 3970 2477 4014 ant

274 4050 519 4094 terreret.
589 4046 944 4095 Flavianarum
984 4046 1207 4109 partium
1242 4046 1422 4107 duces,
1458 4045 1642 4094 omissa
1681 4045 1866 4107 prioris
1891 4041 2114 4092 fortuum
2153 4040 2473 4107 defensione,

276 4138 373 4189 pro
395 4125 714 4188 Vespasiano
734 4125 1024 4190 magnifice,
1057 4141 1151 4191 pro
1174 4141 1355 4177 caussa
1376 4125 1620 4187 fidenter,
1642 4123 1710 4174 de
1731 4123 1877 4173 exitu
1899 4123 2088 4184 securi,
2124 4124 2178 4172 in
2199 4123 2470 4174 Vitellium

278 4211 337 4255 ut
366 4204 577 4257 inimici.
642 4207 808 4258 Facta
827 4207 1065 4257 Tribunis
1087 4212 1143 4258 et
1176 4205 1580 4257 Centurionibus
1603 4204 1860 4257 retinendi
1888 4218 2005 4270 qnae
2026 4202 2271 4255 Vitellius
2303 4202 2474 4255 indul-
