3050 4867
397 283 674 373 '432ss

500 463 726 531 pugn'am
752 466 1194 529 santconsetturl,
1213 463 1425 518 ibidem.
1463 469 1561 517 Er·

502 547 572 609 go
605 545 719 610 qnis
752 538 972 607 negabit'
988 545 1160 594 Celtas
1181 546 1297 595 illos
1321 547 1562 596 vetustis·

501 620 657 669 almos
679 620 955 670 Germanis
978 621 1168 669 similes
1201 628 1258 670 et
1288 636 1410 670 vere
1430 621 1563 671 Ger·

489 691 680 746 ‘manos
711 693 910 743 fuisse?
942 701 1002 744 nt
1038 696 1190 757 plane
1233 696 1443 746 dubium
1476 698 1564 757 sit,

502 785 624 821 num
646 771 782 821 sicut
807 771 1047 833 Belgicas
1068 772 1323 834 regiones,
1348 772 1399 823 id
1425 771 1563 838 qnod

501 848 683 897 cmm
725 847 905 907 tradit,
961 848 1035 896 ita
1088 849 1243 897 etiam
1299 848 1563 897 Celtarum

503 927 671 974 terras
713 923 833 972 olim
878 923 982 971 suis
1024 923 1272 973 Germani
1302 925 1410 973 sive
1427 923 1564 972 Ten-

504 1006 652 1050 tones
674 998 890 1049 coloniis
911 1000 1244 1062 repleverint.
1288 1001 1425 1050 Nam
1441 1015 1563 1065 pro-

503 1075 622 1140 pria
641 1075 958 1139 Regulornm
974 1075 1182 1124 nomina
1201 1076 1337 1140 apud
1365 1077 1562 1126 Livium

499 1150 752 1212 matus,
807 1151 1089 1212 Dardanus,
1142 1151 1517 1200 Combolomarus
1545 1167 1566 1209 ,-

505 1226 646 1289 apud
670 1226 928 1275 Caesarem
952 1223 1213 1288 monicus,
1241 1231 1297 1275 et
1316 1225 1565 1275 Ambacia-

502 1315 612 1350 που
648 1315 748 1351 vox
783 1315 878 1364 pro
901 1300 1178 1349 clientibus
1201 1295 1565 1350 Germanicam¹

505 1377 871 1442 etymologiam
903 1375 1113 1425 babent.
1179 1376 1260 1440 De
1293 1377 1566 1440 Belgarum

506 1451 798 1501 nominibus
821 1452 986 1500 minus
1008 1451 1311 1503 mirandum.
1378 1450 1452 1502 At
1479 1451 1567 1500 Dil

506 1526 652 1589 boni,
663 1535 907 1592 quantam
919 1527 1258 1576 mutationem
1268 1523 1419 1576 affert
1436 1534 1568 1576 tem·

506 1615 624 1667 pus,
682 1602 943 1667 educatio,
1000 1602 1277 1664 disciplina
1307 1604 1320 1650 !
1389 1602 1569 1652 Gallos

506 1679 660 1742 longa
682 1692 786 1743 pax
807 1678 938 1727 adeo
960 1679 1195 1737 emolliit,
1217 1686 1274 1727 ut
1291 1679 1436 1728 dieas
1455 1680 1571 1727 stir-

509 1765 627 1818 pem
653 1754 792 1803 illam
815 1761 1050 1804 veterum
1070 1753 1335 1803 Celtarum
1358 1751 1569 1817 prorsus

508 1830 764 1879 exoletam
801 1844 934 1880 esse.
1000 1829 1065 1878 Id
1105 1828 1241 1892 quod
1275 1829 1413 1891 apud
1438 1829 1570 1879 Ger·

508 1917 688 1956 manos
707 1905 992 1954 Saxonibus
1015 1903 1208 1954 accidit
1225 1904 1491 1968 praecipne
1514 1910 1572 1955 et

513 1980 847 2032 Germaniam
892 1978 1169 2029 secundam
1224 1979 1572 2030 incolentibus

507 2055 823 2116 nationibus,
845 2068 960 2118 qum
984 2061 1156 2103 tamen
1178 2055 1395 2117 primum
1413 2055 1572 2104 Fran-

511 2143 709 2190 corum,
726 2128 915 2178 deinde
933 2128 1217 2192 Saxonum,
1248 2130 1573 2181 bellicosissi-

508 2219 707 2255 morum
763 2206 992 2268 gentium
1067 2205 1266 2255 soboles
1320 2206 1572 2255 existunt.

509 2279 657 2330 Nihil
682 2296 804 2332 vero
827 2282 1108 2345 pugnacius
1126 2283 1246 2331 olim
1269 2282 1573 2333 Saxonlbus.

514 2355 659 2406 Galli
676 2363 824 2407 certe
838 2358 1116 2406 mitescere
1131 2364 1408 2420 coeperunt
1424 2365 1565 2421 post·

511 2446 578 2482 ea
602 2446 751 2497 quam
770 2432 1112 2497 provinciales
1133 2431 1255 2481 facti
1270 2440 1404 2484 sunt.
1436 2434 1575 2485 Quia

513 2507 730 2557 Romani
745 2507 996 2571 praesidiis
1010 2515 1342 2557 externorum
1352 2509 1574 2559 militum

513 2582 717 2633 Gallias
751 2599 817 2633 ex
861 2583 1040 2646 majori
1064 2589 1217 2647 parte
1252 2584 1576 2646 tutabantur,

511 2671 725 2722 operam
767 2659 970 2723 dantes,
1013 2665 1072 2708 nt
1103 2659 1200 2723 ipsi
1233 2659 1575 2722 provinciales

514 2735 679 2798 quieti
715 2742 775 2784 et
805 2736 922 2785 ocio
943 2749 1040 2799 per
1060 2737 1357 2798 voluptates
1378 2749 1576 2785 assues-

513 2817 699 2860 carent
718 2826 733 2860 ε
774 2809 909 2876 quod
945 2817 1051 2860 tam
1074 2809 1252 2858 sedulo
1272 2810 1468 2859 factum
1491 2819 1576 2861 est

513 2885 570 2936 in
613 2885 818 2948 Galliis,
849 2894 908 2935 ut
930 2899 1031 2935 non
1054 2886 1206 2934 modo
1230 2885 1574 2936 Romanorum

512 2976 684 3013 mores
727 2962 1012 3025 induerint,
1052 2962 1146 3012 sed
1167 2962 1322 3012 etiam
1345 2963 1572 3027 linguam

514 3039 835 3103 acceperint,
851 3051 944 3088 sua
971 3035 1230 3102 fastidita,
1253 3051 1315 3087 ac
1345 3050 1533 3087 nomen
1558 3054 1573 3089 ε

512 3116 651 3165 nude
691 3116 990 3179 botharingi
1032 3129 1211 3164 omnes
1239 3114 1491 3178 hodieque
1514 3129 1573 3163 se

517 3191 792 3254 Romanos,
828 3205 1074 3255 suamque
1114 3190 1337 3254 lingnam
1384 3190 1574 3239 Roma-

511 3280 632 3317 nam
666 3268 810 3318 velut
846 3282 879 3317 a
916 3266 1157 3317 Romanis
1193 3272 1459 3329 acceptam
1484 3279 1573 3328 ap-

513 3341 729 3405 pellant.
795 3342 949 3392 Hanc
970 3345 1137 3390 art‘em
1166 3340 1432 3403 mitigandi
1455 3341 1573 3390 sub-

505 3415 831 3481 §agendique
896 3418 1131 3480 populos,
1195 3430 1297 3480 qua
1351 3417 1573 3470 Romani

512 3491 733 3540 suumin
755 3490 1035 3554 provinciis
1068 3490 1282 3539 diversis
1301 3490 1572 3555 imperium

515 3565 827 3616 stabiliendo
843 3571 965 3614 sunt
981 3564 1077 3626 usi,
1097 3565 1272 3628 prodit
1285 3566 1500 3616 Tacitus
1518 3568 1571 3616 in

513 3638 695 3704 Agric.
737 3644 817 3688 21.
883 3638 1031 3688 Idem
1056 3640 1248 3690 ibidem
1283 3641 1352 3691 de
1389 3642 1573 3707 Gallis,

513 3727 632 3780 cap.
657 3720 740 3766 11.
759 3715 1007 3779 Magnam
1033 3715 1206 3779 itaque
1223 3718 1573 3769 mutationem

514 3791 571 3840 ln
595 3791 761 3840 Gallis
777 3789 969 3840 factam
988 3790 1237 3855 videmus,
1248 3807 1461 3857 qnorum
1477 3793 1573 3844 im'-

512 3867 718 3931 perium
757 3873 874 3930 post
905 3867 1159 3917 Romanos
1186 3870 1371 3920 Franci
1390 3870 1573 3921 inclita

515 3943 895 3994 Germanorum
917 3955 1042 4005 gens
1082 3945 1400 4007 potissimam
1419 3961 1572 3997 occu-

516 4021 727 4084 pavere.
745 4018 818 4069 At
830 4019 1443 4085 Germanisuipimiliores
1457 4038 1573 4086 per·

515 4100 845 4144 manserunt:
880 4101 937 4144 et
969 4109 1256 4160 quanquam
1294 4098 1574 4158 postillam

516 4167 780 4221 infelicem
816 4170 958 4236 apud
997 4171 1295 4224 Tolbiacum
1315 4187 1575 4239 pugnam,

1185 326 1403 376 ⁸0⁹1·AE
1449 324 1855 375 vamomm
1904 327 1984 378 m

1636 481 1739 532 quo
1760 473 1997 532 tempore
2018 467 2182 519 divisa
2203 470 2254 519 in
2278 470 2406 520 duas
2437 468 2699 522 factiones

1637 539 1937 602 Germania,
1960 544 2145 593 Franci
2182 546 2324 594 ostiis
2354 546 2537 610 Rheni,
2571 546 2698 596 Ales

1635 618 1805 664 manni
1843 615 1974 666 fonti
2011 618 2240 680 ejusdem
2279 619 2440 670 amuis
2486 622 2699 686 propin-

1636 692 1861 756 quiores,
1889 692 2035 741 velut
2074 693 2174 743 duo
2218 696 2381 757 proci,
2412 695 2480 744 de
2520 695 2700 746 Gallia

1637 766 2038 829 contenderunt,
2071 769 2348 818 victoribus
2371 772 2580 821 Francis
2606 773 2701 822 ali-

1638 842 1868 907 quandiu
1893 858 2080 906 parere
2103 846 2268 895 coacti
2292 845 2498 908 fuimus,
2523 851 2698 897 tamen

1639 932 1794 981 quum
1818 927 1875 967 et
1891 919 2246 984 Carlingorum
2263 922 2421 985 stirps
2442 923 2698 972 exolevis-

1637 1000 1737 1054 aet,
1776 995 1862 1058 qui
1908 1003 2026 1057 post
2055 996 2387 1060 Meroviugos
2428 998 2480 1046 in
2521 998 2696 1048 Gallia

1638 1079 1918 1133 regnarunt
1957 1071 2164 1134 originis
2198 1072 2544 1137 Germanum,
2562 1076 2699 1138 jam-

1637 1159 1735 1209 que
1760 1145 2073 1196 Parisiorum
2096 1161 2263 1196 comes
2287 1147 2439 1211 Hugo
2465 1149 2695 1213 Capetus

1636 1219 1910 1270 invasisset
1936 1222 2304 1286 principatum,
2329 1223 2694 1287 respiravimus

1639 1296 1908 1360 paulatim,
1942 1303 1998 1346 et
2036 1298 2089 1347 in
2131 1297 2399 1360 pristinam
2421 1313 2515 1348 nos
2536 1299 2696 1348 liber·

1641 1377 1809 1421 tatem·
1836 1372 1935 1437 ipsi
1959 1373 2353 1423 vindicavimus.
2419 1375 2535 1424 Nec
2573 1389 2696 1425 vcro

1641 1454 1741 1510 est,
1763 1463 1856 1497 cur
1879 1448 2059 1498 Gallos
2090 1448 2235 1498 istius
2271 1448 2568 1498 mutationis
2590 1464 2699 1514 pce·

1640 1523 1809 1572 nitere
1843 1523 2048 1586 debeat,
2072 1523 2274 1590 quando
2296 1526 2516 1588 optimas
2539 1525 2699 1589 leges,

1641 1597 1969 1661 disciplinam
2010 1615 2070 1649 ac
2109 1600 2413 1651 civilitatem
2449 1616 2481 1650 a
2512 1603 2697 1651 Roma-

1640 1673 1721 1722 nis
1783 1682 2135 1738 acceperunt3
2186 1677 2317 1726 adeo
2372 1692 2473 1726 non
2517 1692 2701 1727 nocue-

1641 1755 1764 1797 runt
1785 1748 2008 1799 devictis
2029 1766 2060 1799 a
2083 1765 2139 1800 se
2164 1752 2365 1816 populis
2388 1767 2540 1817 quum
2560 1767 2699 1815 mag-

1641 1840 1737 1875 nus
1776 1826 2077 1878 Alexander
2134 1836 2243 1878 tum
2290 1830 2524 1879 Romani.
2588 1831 2701 1880 Nos

1640 1904 1794 1951 avitae
1828 1901 2037 1953 ferocia
2082 1905 2366 1967 plusculum
2404 1907 2705 1957 retinemus.

1643 1977 1913 2028 Rhenum.
1980 1979 2143 2043 Idem,
2178 1979 2316 2029 Anu.
2340 1994 2403 2029 u.
2429 1980 2495 2030 de
2518 1981 2701 2030 iisdem

1644 2053 1920 2103 Germanis
1944 2070 1957 2104 ε
1994 2057 2010 2084 ‘
2024 2055 2134 2118 jam
2164 2068 2368 2118 corpus,
2388 2062 2449 2104 ut
2466 2056 2574 2105 visu
2600 2062 2702 2104 tor-

1642 2143 1783 2193 vum,
1821 2135 1878 2178 et
1932 2129 1997 2178 ad
2042 2130 2251 2194 brevem
2290 2132 2540 2194 impetum
2576 2131 2702 2179 vali·

1644 2202 1804 2255 dum!
1867 2205 2173 2266 Columella,
2194 2206 2284 2254 lib.
2327 2220 2414 2256 111.
2448 2207 2464 2233 ‘
2486 2205 2701 2256 Germa·

1644 2280 1780 2329 niam
1825 2279 2093 2330 decoravit
2137 2281 2499 2332 altissimorum
2540 2282 2701 2331 bomi-

1646 2369 1764 2404 num
1789 2356 2140 2406 exereitibus.'
2207 2357 2292 2405 Sic
2329 2357 2614 2407 Pausanias
2635 2357 2702 2406 de

1647 2432 1850 2482 Galatis
1904 2433 1957 2480 in
2003 2432 2259 2497 Phocicis,
2315 2433 2418 2482 alii.
2495 2434 2703 2484 Celer-u.

1647 2508 1805 2557 Forte
1864 2509 2062 2571 melius,
2114 2507 2212 2557 sed.
2281 2508 2703 2573 Bambergenais‚

1644 2587 1831 2632 tuntum
1851 2585 2026 2647 inipetu
2046 2585 2223 2633 calida.
2259 2584 2536 2633 Acidalius.

1712 2660 2002 2722 Minimeque
2042 2659 2199 2722 α’ίέηι]
2266 2660 2408 2709 Hist.
2454 2674 2521 2708 n.
2553 2662 2567 2687 ⁸
2598 2659 2706 2708 Ad·

1639 2735 1874 2797 jacentia
1895 2736 2075 2785 'l'iberi
2113 2735 2487 2784 Germanorum
2528 2735 2703 2784 Gallo-

1648 2824 1860 2873 rumque
1880 2811 2099 2860 obnoxiu
2130 2809 2322 2859 morbis
2355 2825 2592 2874 corpora,
2613 2809 2703 2859 fln-

1648 2885 1800 2935 minis
1822 2885 2040 2934 aviditas
2073 2891 2130 2935 et
2169 2891 2325 2935 aestus
2347 2886 2706 2951 impatientia.'

1645 2961 1845 3011 Similia
1879 2960 2017 3025 apud
2055 2960 2253 3010 Urium
2274 2968 2330 3010 et
2354 2962 2703 3013 Plutarchum.

1716 3113 1844 3160 Coelo
1863 3112 2012 3160 solove
2042 3113 2365 3176 assumam]
2430 3113 2702 3166 Suetonius

1647 3185 1895 3236 Paulinus
1960 3187 2371 3237 Othonianarum
2429 3190 2536 3239 dux
2594 3206 2708 3254 par·

1648 3261 1797 3325 tium,
1834 3277 1935 3327 quo
1956 3277 2106 3311 nemo
2128 3263 2216 3313 illa
2236 3271 2553 3328 tempestate
2577 3268 2703 3316 mili-

1648 3338 1774 3387 taris
1819 3339 1895 3388 rei
1937 3339 2170 3390 callidior
2209 3340 2519 3403 habebatur,
2563 3343 2703 3406 apud

1645 3417 1880 3466 Tacitum
1906 3425 2153 3483 nostrum,
2189 3419 2331 3468 Hist.
2376 3418 2466 3470 lib.
2484 3434 2547 3471 11.
2590 3435 2705 3486 spa·

1647 3492 1785 3542 cium
1819 3508 1881 3544 ac
1926 3509 2095 3544 moras
2148 3496 2381 3546 trahendi
2430 3496 2553 3546 belli
2594 3513 2706 3547 sua·

1647 3567 1793 3628 dens,
1812 3569 1828 3595 ‘
1861 3557 2168 3620 Germanos'
2193 3571 2284 3632 ait,
2305 3573 2320 3598 ⁴
2347 3570 2486 3634 quod
2510 3571 2707 3635 genus,’

1646 3645 1745 3692 διο.
1768 3642 1798 3671 *
1820 3643 2090 3693 Rhamnes.

1712 3718 1846 3768 Car.
1868 3724 1918 3768 5.
1954 3719 2079 3768 Etsi
2095 3718 2332 3782 aliquanto
2351 3720 2505 3783 speeie
2518 3721 2708 3787 differt]

1646 3794 1842 3844 Nescio
1887 3795 2008 3857 quid
2052 3793 2190 3843 idem
2234 3794 2368 3844 liber
2417 3796 2515 3846 sibi
2561 3798 2705 3860 velit,

1645 3869 2003 3931 adamando
2036 3869 2187 3933 specie
2205 3875 2327 3919 aret.
2396 3869 2705 3936 Amnon-iet?

1645 3943 1869 4007 Lipsius.

1714 4017 1968 4068 Ventosior
2007 4033 2098 4082 qim
2143 4018 2397 4086 Noricam]
2447 4023 2478 4053 ’·
2511 4023 2579 4074 de
2610 4024 2706 4075 hu.

1648 4108 1790 4144 more
1831 4094 2020 4159 agitur,
2078 4105 2170 4145 aut
2227 4096 2491 4151 siccitate.
2558 4100 2709 4151 Anne

1646 4169 1935 4235 uerticosior,
1949 4169 2109 4221 ausim
2130 4169 2307 4237 legere
2322 4174 2342 4223 ?
2357 4173 2410 4224 id
2429 4180 2530 4240 est,
2547 4177 2709 4242 magis
