3050 4867
556 357 733 424 4524
1249 376 1642 442 ascensus
1689 376 2125 428 Ευιτιοιςυιι

562 530 716 583 1584
757 523 1105 601 Gryphiana
1124 540 1217 583 VI.
1251 534 1345 586 12.
1375 524 1671 603 Lugduni,
1697 546 1802 605 per
1821 530 1964 586 Ant.
1992 526 2350 607 Gryphium.

561 624 715 680 1585
760 618 942 697 Lipsii
975 635 1082 679 111.
1112 619 1213 677 fol.
1243 619 1433 698 Lugd.
1464 622 1595 681 Bat.
1654 640 1771 699 qua
1796 622 2060 682 Pichena
2081 623 2213 683 dein
2244 644 2384 684 usus
2405 632 2515 684 est.

561 723 713 777 1588
759 715 933 792 Lipsii
964 731 1055 775 lv,
1092 722 1148 773 8.
1172 715 1317 775 ibid.
1344 735 1438 794 ap.
1471 717 1724 777 Plautin.

556 810 1028 880 -Francofurti,
1075 811 1179 871 fol.
1229 812 1379 871 inter
1434 813 1690 873 historia
1718 815 2002 876 Romanae
2032 812 2346 893 scriptores
2371 832 2410 872 a
2432 814 2586 875 Frid.
2618 816 2762 894 Syl-

635 907 839 984 burgio
855 905 1045 965 editos
1076 921 1187 966 ιιι.
1215 908 1353 967 voll.

559 1009 712 1071 1589
755 1002 931 1081 Lipsii
980 1018 1043 1060 ν.
1098 1001 1202 1062 fol.
1248 1004 1514 1064 Ernestio
1568 1005 1801 1074 omissa,
1849 1004 1954 1065 sed
1999 1006 2057 1065 in
2108 1005 2247 1065 bibl.
2274 1006 2412 1065 bist.
2439 1008 2649 1067 Struv.
2694 1018 2758 1067 et

642 1097 914 1157 Hanckio
942 1107 1313 1157 memoratur.
1368 1100 1453 1157 En
1482 1098 1715 1159 titulum
1739 1118 1755 1158 z
1787 1107 1804 1133 ⁸
1823 1099 1896 1159 C.
1927 1102 2104 1161 Corn.
2131 1101 2327 1161 Taciti
2355 1103 2582 1180 Opera,
2609 1121 2757 1181 quae

631 1202 884 1253 exstant.
935 1196 1142 1255 Justus
1170 1194 1400 1273 Lipsius
1440 1196 1707 1271 quintum
1739 1197 2051 1256 recensuit.
2107 1196 2312 1256 Additi
2334 1197 2757 1258 Commentafii

633 1290 899 1351 meliores
942 1290 1347 1368 plenioresque
1390 1311 1526 1351 cum
1570 1293 1728 1351 curis
1772 1292 2067 1352 secundis.
2119 1291 2309 1371 Lugd.
2353 1293 2484 1352 Bet.
2521 1312 2596 1352 ex
2643 1294 2753 1353 off.

639 1384 829 1444 Plant.
855 1405 952 1464 ap.
986 1387 1029 1445 1²
1032 1407 1078 1447 r.
1108 1387 1573 1465 Raphelengum.
1604 1388 2108 1450 clolonxxxlxl

560 1489 711 1552 1592
758 1482 1143 1552 Francofurti,
1191 1482 1295 1541 fol.
1326 1489 1344 1517 ‘
1411 1482 1636 1544 Annib.
1692 1483 1854 1543 Seoti
1906 1484 1964 1543 in
2024 1483 2096 1541 C.
2142 1481 2339 1542 Taciti
2381 1483 2644 1542 Annales
2691 1494 2756 1543 et

632 1576 919 1637 Historias
947 1578 1360 1638 commentarii
1390 1578 1636 1658 politici.
1692 1579 1910 1639 Addita
1936 1579 2112 1639 etiam
2139 1577 2332 1638 Taciti
2358 1577 2582 1655 Opera,
2612 1598 2754 1639 cnm

633 1671 881 1732 Indice!
907 1675 1100 1733 Catal.
1133 1673 1280 1734 bibl.
1310 1673 1608 1752 Ludewig.
1637 1693 1695 1733 n.
1730 1682 1946 1742 11720.

560 1779 711 1842 1595
757 1770 943 1848 Lipsii
985 1785 1081 1829 vl.
1140 1779 1198 1831 8.
1247 1791 1280 1829 e
1328 1771 1511 1848 priori
1557 1770 1828 1850 repetita,
1872 1791 1972 1850 ap.
2002 1770 2247 1830 Hieron.
2297 1769 2755 1833 Commelinnm.

630 1868 869 1947 Engelio
892 1867 1037 1926 bibl.
1062 1867 1344 1927 selectiss.
1375 1886 1435 1945 p.
1467 1874 1598 1931 154.
1629 1876 1913 1946 praestans
1941 1867 2264 1928 admodum
2287 1866 2526 1926 dicitur.
2571 1867 2759 1929 Extat

633 1965 691 2024 in
722 1964 868 2025 bibl.
895 1963 1168 2023 Francos.
1200 1976 1261 2022 et
1289 1963 1698 2041 Ludewigiana
1726 1982 1781 2021 n.
1815 1963 1994 2032 7642.

550 2058 860 2130 -eodem,
883 2058 1041 2136 apud
1069 2057 1342 2128 eundem,
1374 2068 1471 2119 24.
1499 2059 1693 2118 Catal.
1724 2058 1866 2119 bibl.
1896 2059 2138 2119 Thuan.
2168 2061 2234 2120 Ρ.
2266 2074 2315 2118 1.
2344 2078 2402 2137 p.
2444 2066 2588 2128 290.

556 2164 709 2225 1598
753 2153 1100 2233 Gryphiana
1129 2169 1257 2213 vu.
1293 2152 1385 2214 16.
1412 2152 1602 2231 Lugd.
1633 2173 1738 2231 per
1764 2158 1905 2215 Ant.
1932 2154 2168 2234 Grypb.

549 2249 813 2328 —Lipsii
838 2266 962 2310 vn.
993 2260 1050 2312 8.
1069 2250 1424 2328 Antverpiae‚
1446 2269 1547 2329 ap.
1572 2251 1827 2312 Plautin.

548 2345 814 2423 -Lipsii
846 2361 1001 2406 vm.
1032 2345 1309 2424 Lugduni
1356 2348 1489 2405 Bat.
1547 2355 1602 2408 8.
1646 2349 1757 2408 Ὀ.
1792 2348 1972 2408 Corn.
2001 2347 2204 2408 Taciti
2231 2349 2453 2426 opera,
2485 2366 2624 2426 quoe
2648 2368 2756 2409 ex-

629 2451 808 2501 stant.
828 2443 863 2502 J
870 2451 1032 2501 ustus
1052 2441 1275 2519 Lipsius
1299 2440 1566 2519 quintum
1587 2443 1901 2505 recensuit.
1929 2444 2183 2504 Seorsim
2211 2444 2412 2503 excusi
2433 2444 2758 2502 Commen-

630 2539 760 2598 tarii
779 2558 915 2597 cum
942 2538 1097 2598 curis
1119 2537 1431 2598 secundis!

557 2631 712 2694 1600
754 2634 939 2712 Lipsii
997 2650 1098 2695 lx.
1140 2634 1245 2692 fol.
1286 2643 1346 2693 et
1391 2643 1449 2694 4.
1482 2641 1499 2668 ‘
1523 2635 1597 2693 C.
1642 2637 1820 2696 Corn.
1870 2634 2065 2695 Taciti
2087 2638 2309 2713 Opera,
2341 2654 2478 2714 quae
2513 2643 2758 2698 exstant

626 2731 832 2790 Justus
861 2730 1094 2810 Lipsius
1141 2741 1501 2808 postremum
1533 2735 1846 2793 recensuit.
1874 2732 2074 2793 Additi
2105 2730 2525 2792 commentarii
2551 2732 2759 2792 melio·

628 2845 720 2886 res
743 2827 1172 2906 plenioresque,
1193 2847 1326 2885 cum
1342 2829 1513 2887 Curis
1528 2831 1820 2890 secundis.
1863 2829 2131 2891 Accessit
2150 2829 2383 2888 seorsim
2398 2830 2469 2887 C.
2489 2828 2756 2887 Velleius

627 2924 962 2983 Paterculus
990 2940 1123 2983 cum
1151 2924 1414 3002 ejusdem
1457 2925 1641 3003 Lipsii
1667 2927 2034 2987 auctioribus
2060 2925 2261 2985 Notis.
2290 2923 2650 3001 Antverpiae‚
2677 2945 2753 2984 ex

628 3019 857 3079 officina
902 3012 1292 3092 Flaminiana,
1321 3020 1481 3099 apud
1539 3023 1828 3082 Joanuem
1883 3024 2202 3081 Moretum.
2251 3035 2385 3082 cro.
2431 3035 2566 3081 roe.
2596 3019 2753 3080 Cum

628 3116 823 3194 privil.
867 3119 1021 3176 Coes.
1047 3126 1106 3176 et
1134 3117 1514 3194 Regio.'-—1n
1545 3118 1720 3178 Proes.
1766 3118 1995 3177 Comm.
2037 3134 2185 3175 nova
2235 3131 2333 3174 vl.
2380 3114 2521 3173 Idus
2575 3115 2754 3175 Febr.

636 3211 810 3272 1600.
868 3213 1082 3290 scripta
1111 3231 1129 3272 t
1185 3214 1433 3290 ‘ltaque
1460 3222 1599 3274 ante
1646 3232 1827 3274 annos
1857 3211 2168 3273 duodecim
2217 3211 2404 3271 Cusas
2457 3209 2758 3271 secundas

628 3308 948 3377 dederam;
997 3320 1059 3370 et
1084 3308 1319 3369 easdem
1337 3319 1540 3387 postea
1586 3310 1749 3388 operi
1800 3309 2188 3386 injunxeram,
2215 3316 2284 3366 nt
2326 3307 2447 3365 suis
2493 3326 2754 3385 queque

628 3404 778 3465 locis
832 3415 896 3466 et
938 3405 1146 3467 ordine
1183 3414 1427 3483 possent
1478 3406 1614 3483 legi.
1664 3408 1747 3467 At
1792 3426 1948 3467 nunc
1984 3406 2234 3484 denique
2276 3403 2508 3464 Tertias
2573 3403 2750 3462 etiam

629 3500 871 3561 damus:
913 3514 993 3574 et,
1027 3503 1138 3563 nisi
1166 3502 1352 3573 fallor,
1384 3502 1641 3563 ultimas.
1673 3503 1812 3579 quia
1838 3512 1900 3564 et
1924 3505 2242 3584 occupatio
2264 3505 2378 3565 alia
2409 3523 2500 3561 me
2527 3501 2756 3561 abstra-

629 3597 735 3666 hit,
763 3607 823 3656 et
850 3598 977 3657 sine
1016 3600 1196 3677 culpa
1211 3599 1454 3658 sortasse
1481 3618 1596 3658 non
1627 3600 1703 3658 sit
1729 3606 1914 3672 (certe
1941 3601 2061 3661 sine
2088 3602 2286 3674 laude)
2305 3599 2602 3660 assiduum
2631 3598 2748 3657 hoe

628 3702 886 3768 satagere
910 3695 968 3752 in
995 3714 1054 3754 re
1089 3706 1151 3755 et
1176 3696 1465 3773 scriptore
1494 3717 1634 3757 unc.
1667 3697 1810 3757 Vale
1838 3717 1998 3777 ergo,
2028 3700 2106 3758 mi
2137 3698 2393 3768 Corneli,
2421 3706 2481 3755 et
2499 3715 2612 3774 per
2628 3714 2748 3765 me,

628 3789 913 3850 audacter
938 3789 1152 3862 dicam,
1184 3793 1375 3851 notior
1425 3804 1485 3854 et
1522 3795 1802 3855 illustrior
1835 3796 2038 3856 orbem
2068 3794 2453 3875 perambula3
2497 3791 2750 3852 amande

628 3885 706 3945 ab
734 3906 829 3957 eo,
852 3887 1131 3965 quamdiu
1160 3888 1299 3947 boni
1328 3889 1676 3968 honestique
1704 3910 1869 3951 amor
1889 3894 2040 3951 erit.’

550 3980 706 4041 1604
747 3983 1105 4059 Ingolstadii‚
1140 3994 1195 4045 8.
1237 3985 1432 4043 Taciti
1464 3987 1780 4046 Annalium
1813 3987 1945 4046 libri
1974 4003 2124 4047 xvl.

542 4077 949 4148 —Monacbii,
983 4090 1040 4140 8.
1082 4100 1197 4139 non
1238 4080 1346 4138 nisi
1377 4093 1604 4142 textum
1633 4084 1813 4162 Lipsii
1844 4084 1995 4143 habe
2008 4095 2051 4143 t.

552 4168 707 4232 1606
735 4172 992 4248 Parisiis,
1022 4185 1081 4237 4.
1119 4175 1376 4239 Tacitus
1395 4198 1532 4239 cum
1572 4180 1728 4240 notis
1755 4181 1932 4259 Lipsii
1959 4188 2021 4241 et
2045 4182 2323 4245 Merceri.
