3050 4867
847 346 995 395 ma.
1043 347 1144 394 ιν.
1190 346 1352 396 car.
1393 331 1501 395 55.
1548 346 2106 398 ms‘romaauar.

369 485 470 536 tris
500 483 697 537 ordinis
731 494 1111 547 ornamentum,
1142 488 1209 538 ab
1238 487 1325 538 illo
1364 487 1438 537 fa-

371 562 711 611 miliarissime
737 562 975 612 dilectus.
1049 565 1265 612 Verlrun.

438 640 653 701 Ing-ressa·
684 640 876 701 milites,
910 640 1097 704 quibus]
1135 642 1251 690 Nou
1273 642 1385 691 haec
1408 656 1439 690 a

372 714 728 779 superioribus
769 725 964 778 puncto
1001 716 1295 765 divellenda
1329 716 1438 765 fue·

374 798 509 842 rant.
578 791 863 854 'l'nJuugez
904 792 1136 840 evinctum
1156 792 1293 840 vittis
1311 807 1439 840 coro-

373 868 537 932 nisque
567 868 772 930 ingressi
807 869 998 927 milites,
1033 870 1114 929 ξο.
1181 868 1440 917 Continuo

375 942 510 991 enim
555 943 723 991 oratio
765 942 887 991 iude
925 942 991 991 ab
1031 944 1151 1004 illis,
1188 944 1439 993 Undecimo

375 1021 494 1070 Kal.
515 1022 621 1070 Jul.
659 1020 723 1069 ad
763 1020 975 1070 verbum
1014 1022 1223 1084 perluere
1261 1021 1440 1070 decur-

377 1096 466 1156 rit,
487 1096 540 1146 iu
562 1110 726 1161 eoque
765 1096 1154 1159 comprehensio
1183 1103 1239 1146 et
1263 1110 1439 1146 sensus

376 1172 488 1236 ipse
512 1172 730 1221 sistitur.
797 1172 986 1223 Acidul.

445 1248 627 1305 Quibus
646 1249 814 1310 fausta
853 1248 1066 1311 nantino]
1113 1249 1225 1300 Cic.
1263 1249 1328 1298 de
1362 1247 1441 1296 di·

378 1324 483 1373 vin.
539 1325 555 1353 ‘
581 1325 710 1374 Cum
775 1324 1067 1387 Imperator
1136 1323 1442 1386 exercitum,

377 1402 578 1451 Censor
602 1399 846 1464 populum
871 1402 1138 1463 lustraret,
1170 1400 1317 1449 bonis
1350 1415 1441 1449 no·

378 1477 620 1537 minibus,
641 1478 730 1542 qui
767 1478 960 1526 hostias
994 1476 1266 1539 ducerent,
1282 1475 1438 1539 elige-

381 1552 600 1602 bantur:
636 1552 772 1617 quod
804 1552 942 1602 idem
981 1552 1034 1601 in
1059 1551 1267 1601 delectu
1306 1550 1441 1599 Con-

379 1629 516 1678 sules
538 1629 834 1689 observant,
856 1635 918 1677 ut
950 1627 1143 1691 primus
1181 1627 1325 1676 miles
1348 1625 1443 1676 fiat

380 1704 514 1753 bono
535 1704 775 1752 nomine.’
810 1704 1058 1753 Scrinium.
1106 1703 1190 1752 lta
1204 1702 1318 1766 jam
1342 1702 1443 1765 pri-

381 1778 502 1829 dem
555 1779 780 1829 Fabruus
824 1779 1136 1841 emendavit,
1188 1779 1441 1827 adductus

384 1855 494 1905 Cic.
518 1854 632 1905 loco
663 1870 728 1904 ex
752 1856 840 1904 lib.
867 1870 906 1905 1.
930 1855 996 1905 de
1024 1855 1204 1904 Diviu.
1227 1860 1283 1903 et
1306 1853 1441 1903 Plin.

384 1944 585 1984 xxvm.
608 1937 656 1982 2.
692 1933 744 1981 in
767 1947 872 1996 quo
895 1939 1010 1981 est:
1045 1931 1061 1959 ‘
1085 1932 1191 1980 Cur
1223 1930 1443 1994 publicis

381 2006 559 2055 lustris
591 2008 748 2058 etiam
771 2009 979 2058 uomina
1001 2007 1323 2056 victimarum
1356 2005 1445 2055 du-

383 2083 611 2133 centium
643 2098 893 2147 prospera
927 2082 1172 2147 legimus!
1227 2083 1444 2131 Ursinus.

385 2158 639 2222 Congruit
683 2160 819 2209 Flor.
862 2175 980 2209 cum
1019 2161 1137 2211 Vat.
1194 2159 1244 2208 in
1299 2173 1446 2220 voce,

382 2235 587 2285 waima.
651 2237 792 2285 Male
830 2237 1047 2300 vulgati,
1086 2237 1253 2284 mnium.
1309 2235 1445 2284 Vide

386 2310 637 2374 Lipsium.
692 2312 924 2361 Piclaem.
991 2312 1044 2361 Si
1081 2312 1217 2361 idem
1261 2317 1344 2360 est
1378 2311 1444 2360 ad

281 2385 289 2392 '
385 2384 515 2435 banc
536 2401 643 2435 rem
662 2404 794 2438 omen
816 2390 950 2452 quod
967 2403 1148 2450 nomn,
1165 2402 1255 2437 cur
1278 2402 1447 2436 emen·

387 2461 597 2512 damus?
627 2464 775 2513 Idem
809 2471 982 2514 antem
1019 2479 1133 2513 esse
1156 2465 1346 2513 docent
1369 2478 1447 2525 ea,

388 2551 506 2600 quae
530 2537 607 2587 vir
628 2538 834 2587 doctiss.
868 2554 898 2588 e
923 2540 1099 2589 Plauti
1122 2539 1449 2603 transcripsit

387 2612 585 2662 Persa:
627 2614 776 2677 Virg.
806 2616 821 2642 ‘
848 2609 1056 2664 Lucridi
1078 2630 1262 2665 nomen
1287 2616 1339 2663 in
1363 2630 1449 2678 pa·

388 2689 492 2737 tria
535 2687 650 2738 fuit.
726 2692 823 2740 To.
865 2705 1054 2740 nomen
1098 2698 1254 2756 atque
1301 2705 1448 2740 omen

391 2764 647 2829 quantivis
691 2774 774 2816 est
820 2767 1009 2829 pretii!
1077 2768 1278 2820 Quibus
1314 2770 1448 2817 enim

307 2877 317 2887 .
389 2848 473 2891 est
517 2856 705 2891 nomen
760 2842 1006 2905 faustum,
1057 2844 1237 2893 iisdem
1293 2845 1450 2893 etiam

390 2932 541 2967 omen
558 2933 670 2968 esse
684 2917 910 2969 faustum
930 2919 1030 2970 dici
1051 2928 1240 2983 potest.
1275 2921 1450 2970 Plaut.

390 2992 585 3043 Pseud.
609 2995 626 3022 ⁴
641 3009 771 3057 euge
786 2995 897 3058 jam
919 2997 1076 3058 χαῖρε,
1097 2993 1256 3044 υἱωνὸν
1285 2996 1399 3045 volo
1418 2995 1451 3044 τ’

389 3071 426 3121 i.
446 3072 588 3135 calce,
609 3087 755 3122 omen.
821 3074 1122 3123 Saliuerius.

392 3175 400 3190 ι
457 3147 504 3196 Α
542 3149 793 3210 quatur-imis
834 3155 880 3198 et
903 3149 1123 3210 fontibus
1159 3150 1454 3214 omnibusque

392 3223 564 3272 hausta
601 3225 789 3287 pluere]
859 3226 947 3273 Dii
998 3227 1138 3289 boni,
1180 3241 1333 3290 quam
1374 3234 1456 3276 est

394 3299 504 3349 baec
527 3301 756 3349 clausula
795 3301 1100 3364 prodigiosis
1133 3302 1331 3350 mendis
1364 3303 1455 3350 ob·

397 3375 523 3426 sita'
577 3377 934 3438 Restituimus,
958 3378 1115 3441 Aqua,
1135 3377 1454 3437 rici-tetsan-

394 3450 520 3500 tibns
538 3451 837 3515 amnibusque
854 3454 1043 3515 Musca,
1058 3455 1289 3516 perluere.
1325 3455 1456 3503 Rbe-

2393 334 2567 400 4296

1509 503 1593 538 vv.
1615 505 1695 540 cc.
1767 492 1982 541 Ursinus.

1574 565 1802 616 Lustrum
1852 566 2251 617 Suetdaurilibus
2296 566 2429 631 urea]
2481 568 2568 619 Ita

1509 640 1869 702 scribendum
1906 648 1963 690 ut
1974 637 2084 706 j'am
2106 641 2306 706 pridem
2328 633 2569 694 emenda·

1509 716 1674 765 vimus
1696 732 1761 766 ex
1783 732 1866 766 vv,
1888 733 1965 767 cc.
2003 724 2058 766 et
2080 719 2193 782 ipsa
2212 718 2413 783 antiqui
2440 719 2569 769 ritus

1509 793 1713 842 notitia.
1755 794 1969 843 Ursinus.
2036 794 2227 859 Vulgo,
2258 795 2369 844 bove
2400 796 2574 845 tauri·-

1510 876 1614 934 φιέ.
1680 871 1989 920 Emendavit
2042 871 2283 934 Lipsius3
2329 877 2384 919 et
2427 871 2568 921 Flor.

1511 945 1711 1008 annuit,
1733 947 1822 1010 qui
1843 947 2020 1009 babet,
2042 947 2426 996 bovetaurilibus.
2483 946 2572 997 Pi·

1511 1021 1693 1070 ebena.
1758 1022 1877 1070 Non
1918 1022 2285 1071 animadvertit
2313 1024 2393 1071 vir
2415 1024 2572 1073 soler-

1514 1096 1755 1159 tissimus,
1808 1097 1965 1146 nimio
2023 1097 2312 1161 corrigendi
2368 1099 2573 1162 pruritu

1512 1180 1804 1235 correptus,
1843 1172 2133 1235 Capitolino
2186 1173 2305 1223 Jovi
2360 1163 2571 1224 vaccam

1511 1250 1661 1298 simul
1686 1256 1742 1298 et
1766 1256 1963 1316 taurum
2002 1249 2190 1298 auratis
2222 1249 2462 1299 cornibus
2486 1250 2575 1298 im·

1511 1326 1696 1375 molari
1724 1326 1911 1375 solere.
1945 1324 2091 1374 Serv.
2114 1325 2315 1375 AEneid.
2337 1338 2415 1376 nt.
2438 1327 2574 1391 quod

1514 1403 1779 1465 vulgatam
1824 1401 2000 1451 Taciti
2046 1401 2233 1464 probat
2272 1401 2574 1466 lectionem,

1514 1493 1633 1543 quae
1656 1485 1972 1529 commutata
2009 1478 2191 1541 priscae
2225 1477 2488 1541 religionis
2511 1477 2577 1527 ri·

1515 1561 1627 1604 tum
1664 1555 1872 1619 penitus
1900 1556 2089 1604 exsuit.
2127 1554 2408 1605 Gutherius.
2474 1553 2583 1605 Ab·

1516 1631 1653 1680 stine
1691 1630 2075 1679 contumeliam.
2144 1631 2313 1679 Recte
2338 1629 2574 1693 Lipsius3

1513 1720 1618 1754 non
1652 1705 1790 1754 enim
1828 1706 1892 1753 de
1930 1703 2181 1754 sacrificio
2216 1704 2339 1755 Jovi
2377 1706 2465 1754 uni
2500 1703 2577 1754 fa·

1518 1779 1701 1829 ciendo
1724 1780 1913 1843 agitur,
1937 1780 2026 1828 sed
2051 1780 2116 1830 de
2141 1794 2261 1828 area
2289 1773 2576 1832 lustranda.

1517 1857 1626 1906 Cur
1645 1861 1819 1905 autem
1841 1855 1997 1905 tauris
2016 1856 2188 1919 potius
2209 1855 2410 1905 diceret
2425 1870 2578 1920 quam

1515 1937 1651 1982 tauro
1671 1932 1910 1982 Tacitus?
1946 1933 2151 1982 Gronov.

1582 2008 1846 2058 &andum
1872 2007 2114 2071 cespitem]
2146 2009 2275 2071 Nos,
2311 2023 2451 2071 super
2484 2022 2581 2057 ces·

1511 2084 1678 2147 pitens.
1746 2084 1977 2134 Rhenan.

1586 2159 1769 2217 Quibus
1786 2160 1964 2223 ligatus
1986 2161 2129 2225 lapis]
2152 2159 2291 2211 Flor.
2316 2160 2420 2225 quis
2439 2160 2526 2222 lig.
2548 2161 2585 2211 1.

1519 2234 1767 2285 Pichena,

1505 2325 1528 2350 .·
1586 2311 1991 2360 Car.54.1'e1
2032 2316 2278 2361 externum
2312 2311 2582 2378 servitium]

1519 2387 1744 2437 Restitui
1767 2401 1833 2435 ex
1854 2388 1992 2436 Flor.
2016 2401 2076 2435 ac
2097 2389 2143 2434 V
2146 2402 2230 2435 eu.
2255 2388 2581 2451 particulam,

1518 2464 1609 2525 cel,
1646 2477 1763 2527 quae
1806 2462 1908 2510 vim
1952 2462 2228 2511 sententia»,
2263 2463 2428 2514 addit.
2494 2464 2585 2512 Pi-

1517 2537 1679 2586 chenu.

1591 2615 1657 2662 Et
1681 2614 1733 2662 in
1753 2614 1942 2663 interna
1962 2616 2087 2663 mala
2109 2614 2397 2678 fregissent]
2441 2616 2584 2666 Prae-

1526 2689 1828 2751 positionem
1852 2691 1903 2738 ἐπ
1926 2692 2196 2741 erasimus.
2263 2692 2480 2741 Rhenum.

1589 2765 1723 2815 cn».
1753 2771 1836 2815 55.
1871 2766 2099 2816 Anteibat
2130 2767 2271 2830 alios]
2304 2768 2334 2797 '¹
2359 2768 2445 2818 Sic
2473 2769 2507 2818 l.
2532 2782 2585 2819 ν.

1524 2840 1729 2890 Histor.
1765 2843 1781 2867 ⁴
1804 2842 2078 2905 Templum
2110 2844 2162 2891 in
2200 2844 2407 2894 modum
2429 2843 2589 2905 arcis,

1525 2918 1822 2980 propriique
1846 2919 1976 2965 muri
2007 2919 2184 2968 labore
2207 2926 2264 2968 ct
2284 2934 2442 2983 opere
2464 2925 2586 2969 ante

1523 2994 1687 3055 alios,'
1711 2999 1810 3042 occ.
1847 2995 1876 3022 ³
1912 2996 2120 3058 Lipsius.

1596 3071 1864 3133 opibusque
1896 3077 2005 3119 ante
2041 3071 2181 3134 alios]
2215 3073 2461 3135 Plerique
2483 3077 2591 3124 vet.

1527 3145 1644 3194 libri
1669 3148 1799 3194 hanc
1818 3148 2091 3195 lectionem
2111 3147 2388 3208 affirmant,
2409 3155 2467 3197 ut
2489 3155 2591 3198 tes·

1531 3228 1669 3272 tatur
1694 3223 1937 3285 Lipsius„
1953 3231 2007 3271 et
2043 3234 2287 3272 consonat
2312 3225 2446 3272 Flor.
2470 3223 2589 3272 ideo

1531 3298 1775 3360 vulgatae,
1837 3297 2048 3346 anteibat
2110 3299 2248 3361 alios,
2315 3297 2592 3363 praeposui.

1534 3374 1756 3423 Pichena.

1597 3449 1767 3497 Hostis
1802 3448 1965 3511 populi
2014 3450 2232 3512 Romi,
2264 3466 2403 3513 quam
2444 3451 2595 3501 meins

395 3541 578 3577 uanus.
633 3528 696 3577 In
739 3544 822 3576 vv.
862 3543 944 3577 cc.
983 3539 1062 3577 est
1104 3545 1223 3593 aqua
1258 3530 1403 3577 trinis
1433 3544 1459 3578 ε
1515 3524 1763 3586 jactabat]
1793 3524 1882 3573 Sic
1908 3526 2129 3574 restitui.
2174 3526 2595 3576 Transmarinum

384 3602 621 3663 fontibus,
633 3604 930 3666 amnibusque
944 3605 1129 3653 hanua.
1155 3605 1457 3655 Quaelectio

392 3692 500 3736 mn
525 3679 842 3741 displiceret,
863 3682 908 3727 si
944 3681 1115 3743 aliquo
1138 3681 1458 3743 antiquitatis

400 3754 696 3803 testimonio
728 3753 1136 3805 confirmaretur.
1201 3755 1324 3805 Aut.
1356 3755 1460 3805 Au·

400 3830 634 3894 gustinus
656 3830 895 3894 legebat:
929 3831 1069 3894 Aqua
1091 3847 1116 3880 e
1137 3833 1271 3894 rivis,
1290 3837 1336 3881 et
1346 3832 1461 3892 fon·

399 3905 524 3954 tibus
561 3907 861 3970 amnibusque
890 3907 1059 3956 mma
1085 3910 1344 3971 perpluere,
1378 3911 1459 3972 qv.

403 3981 637 4030 Ursinus.

401 4075 408 4084 ·
468 4058 644 4106 Plauto
664 4059 854 4122 Elium]
900 4060 1076 4109 Vatic.
1101 4061 1331 4110 Barbare
1355 4063 1461 4109 vul-

405 4145 491 4196 go,
515 4133 737 4185 Efldius.
804 4137 944 4199 Lips.

1532 3608 1588 3652 et
1621 3602 1829 3664 elegans
1863 3602 2070 3650 dicendi
2110 3619 2170 3665 ge
2175 3618 2271 3652 nus
2305 3611 2403 3662 est,
2424 3604 2596 3652 saecat

1531 3691 1629 3724 esse
1643 3676 1821 3725 socius:
1846 3677 1983 3739 quod
2010 3678 2156 3740 plebs
2178 3677 2391 3738 dixerit,
2411 3679 2597 3729 ,Iactat

1536 3767 1592 3800 se
1615 3753 1811 3800 socium
1834 3766 1962 3802 esse.
2026 3754 2313 3802 Homerus:
2339 3751 2524 3817 Ἕκτωρ
2539 3752 2596 3803 ts

1535 3828 1646 3877 Διὸς
1668 3828 1826 3888 εὔχετ’
1847 3827 2101 3889 &pavois-eos
2119 3827 2227 3878 πάϊς
2250 3827 2380 3878 εἶναι·
2405 3836 2461 3879 et
2485 3843 2598 3879 cre-

1539 3907 1632 3954 bro
1656 3906 1862 3956 Graeci:
1899 3919 2027 3969 quos
2059 3921 2197 3967 saepe
2222 3915 2271 3952 et
2301 3907 2454 3969 vulgo
2488 3904 2599 3956 imi-

1539 3984 1632 4032 tati
1656 3982 1844 4042 latini,
1872 3981 1965 4030 sed
1999 3982 2123 4029 locis
2156 3982 2307 4030 hodie
2340 3981 2450 4030 fere
2484 3996 2598 4030 cor-

1536 4060 1720 4123 ruptis.
1780 4059 1995 4106 Plautus
2042 4057 2307 4106 Asinaria:
2341 4056 2597 4119 ‘Argenti

1538 4137 1717 4199 viginti
1761 4135 1908 4183 minae
1959 4148 2041 4181 me
2078 4133 2231 4183 modo
2274 4133 2336 4181 ad
2377 4139 2598 4184 mortem
2680 4124 2693 4136 ’

471 4207 664 4259 Plautio
701 4210 916 4274 Eum]
966 4210 1052 4262 Ita
1087 4165 1362 4278 legendum
1396 4227 1465 4265 ex
1538 4212 1873 4277 appulerunt,
1919 4210 2059 4262 Quas
2100 4208 2252 4261 bodie
2294 4208 2596 4262 adolescens
