3050 4867
949 374 1023 424 m
1080 373 1225 423 ma.
1271 374 1385 422 111.
1434 372 1877 423 Anxanum.
2341 358 2520 426 4485

319 513 854 579 Augastuclieieasiamt
910 515 1088 580 itaque
1127 515 1307 565 edidit.
1375 514 1451 563 Os
1491 514 1736 565 hominis!
1792 514 2002 565 scillcet
2027 519 2135 565 tota
2169 494 2233 565 ea
2257 516 2422 567 oratio
2461 515 2516 565 in

316 597 652 647 Cliviensium
683 597 866 647 scholis
909 596 1252 646 instaurandis
1303 604 1620 658 occupatur:
1672 610 1883 660 quarum
1923 596 2165 645 memoria
2208 595 2332 661 (nisi
2374 597 2512 662 apud

318 675 457 725 hunc
481 675 893 738 dormitatorem)
928 690 1173 740 nusquam
1193 682 1281 724 aut
1304 689 1506 723 nomen.
1573 673 1773 725 Adsero
1797 675 1888 725 tibi
1908 682 2047 725 tuam
2070 676 2284 738 gloriam
2307 668 2520 740 ⁸Augus·-

319 755 602 806 toduuum:
644 758 722 805 vel
748 772 848 805 nno
873 758 1000 815 ictu,
1023 771 1174 823 quem
1198 770 1299 804 nnn
1336 756 1523 806 vitabit
1556 754 1680 819 ipse.
1746 755 2008 820 Scriptum
2039 756 2111 805 ibi
2142 757 2312 805 enim:
2343 757 2516 806 ‘Civi-

317 841 480 885 tatem
505 837 655 885 istam
677 844 731 887 et
755 839 873 885 olim
897 836 1125 885 fraterno
1144 837 1330 900 Populi
1350 836 1562 885 Romani
1589 837 1791 886 nomine
1813 836 2122 899 gloriatam!
2161 837 2261 888 Qui
2287 843 2460 887 autem
2484 851 2516 887 e

317 916 505 977 Gallis,
528 915 713 967 fratres
738 917 913 981 populi
938 917 1172 979 Romani,
1193 924 1385 980 praeter
1420 917 1646 966 AEduos?
1681 931 1894 981 quorum
1917 917 2030 965 lioec
2053 916 2175 966 urbs
2197 924 2373 981 capnt.
2443 916 2516 968 At

315 996 451 1045 enim
477 996 670 1046 ibidem
696 998 954 1060 ‘scriptum
977 996 1053 1061 (id
1092 1012 1256 1062 nuper
1292 998 1439 1046 liomo
1470 999 1668 1047 amicus
1703 997 1826 1046 mihi
1865 996 2171 1060 objiciebat)
2208 997 2514 1048 ‘latrocinio

313 1090 426 1125 cam
450 1077 712 1127 Batavicae
738 1078 1031 1127 rebellionis
1054 1079 1310 1127 obsessa‘m
1334 1077 1487 1127 fuisse
1509 1078 1543 1126 ι’
1596 1078 1731 1142 qnod
1773 1078 1859 1127 vix
1897 1078 2173 1126 convenire
2209 1078 2426 1141 putabat
2458 1079 2511 1128 in

313 1155 523 1218 AEduos,
542 1159 629 1222 qui
651 1173 683 1206 a
703 1158 915 1208 Batavis
937 1158 1022 1207 siti
1045 1159 1200 1221 longo
1223 1158 1515 1210 intervallo.
1582 1158 1682 1207 Sed
1721 1157 1831 1206 vito
1868 1155 2021 1207 facile
2056 1157 2360 1221 petitionem
2382 1158 2519 1221 ejus,

314 1244 367 1286 et
388 1236 601 1286 discedo
619 1238 783 1287 latere
809 1245 965 1288 tecto.
1031 1239 1165 1287 Nam
1188 1245 1460 1301 corruptus
1492 1238 1653 1301 locus,
1673 1234 1962 1303 scriboque,
1986 1237 2278 1300 Bagoedicoe
2301 1238 2513 1287 rebellio-

310 1316 400 1366 nis.
468 1317 652 1366 Batavi
677 1318 899 1367 latrones
920 1331 1194 1382 numquam
1231 1316 1296 1366 ad
1338 1332 1397 1367 ea
1435 1318 1619 1383 penita
1653 1320 1798 1378 loca3
1847 1332 1945 1368 nec
1975 1317 2232 1367 latrocinii
2273 1318 2508 1368 Batavici

310 1397 505 1445 mentio
539 1398 590 1448 in
613 1398 1021 1459 mediterraneis,
1043 1398 1138 1448 snb
1163 1397 1214 1447 id
1240 1413 1422 1448 aevum.
1489 1398 1565 1448 At
1586 1399 1654 1449 de
1691 1399 1973 1463 Bagaudis,
2006 1405 2243 1448 auctores
2264 1398 2510 1448 credendi

309 1473 396 1538 qni
437 1490 518 1524 res
556 1478 871 1540 scripserunt
910 1478 1240 1527 Diocletiani.
1298 1477 1511 1527 Victore
1566 1479 1583 1506 ⁸
1619 1479 1856 1543 Namque
1897 1479 1987 1528 ubi
2033 1479 2288 1542 comperit
2332 1478 2510 1527 Carini

306 1553 529 1605 dissessu
572 1556 824 1607 AElianum
866 1557 1258 1622 Amandumque
1303 1572 1398 1621 per
1443 1557 1667 1607 Galliam
1699 1552 1887 1607 ‘excita
1924 1572 2074 1606 manu
2120 1559 2400 1619 agrestium
2444 1571 2506 1609 ac

309 1634 579 1699 latronum,
599 1653 723 1701 quos
748 1637 1017 1701 Bagaudas
1032 1638 1215 1688 incolae
1239 1643 1445 1699 vocant,
1462 1637 1722 1701 populatis
1740 1638 1844 1687 late
1862 1637 1997 1701 agris
2018 1638 2288 1701 plerasque
2305 1636 2506 1688 urbium

309 1720 545 1766 tentare:
583 1718 957 1767 Maximianum
985 1718 1355 1787 imperatui-'em
1382 1717 1573 1782 jubet.²
1638 1718 1909 1767 Salvianus
1933 1717 2025 1766 lib.
2049 1731 2102 1767 ν.
2127 1717 2192 1766 de
2217 1716 2505 1769 Gubernat.

306 1797 323 1822 ⁴
346 1793 532 1860 Itaque
554 1798 746 1860 passim
773 1798 851 1846 rel
876 1796 940 1847 ad
976 1797 1193 1855 Gothos,
1214 1792 1313 1847 'i'rel
1345 1798 1409 1847 ad
1434 1797 1732 1862 Bagaudas,
1755 1797 1836 1847 vel
1881 1798 1945 1847 ad
1987 1797 2113 1847 alios
2137 1797 2322 1862 ubique
2345 1797 2507 1847 domi-

308 1886 493 1926 nantes
516 1877 761 1927 barbaros
781 1879 1024 1941 migrant,
1046 1885 1102 1927 et
1118 1864 1367 1942 migrasse
1390 1892 1488 1927 non
1508 1877 1767 1942 poenitet.'
1795 1877 1939 1927 'Vide
1953 1886 2008 1928 et
2026 1878 2269 1928 Orosium
2292 1879 2383 1928 lib.
2403 1892 2505 1930 vn.

306 1956 391 2006 ubi
419 1966 611 2019 tamen,
634 1958 881 2008 Baticadoe
913 1960 966 2008 in
1002 1972 1228 2009 manusc.
1265 1960 1464 2020 codice,
1497 1960 1584 2025 qui
1620 1959 1757 2024 apud
1797 1975 1879 2008 me
1916 1967 2012 2019 est,
2047 1959 2255 2023 legitur,
2290 1960 2425 2009 sicut
2447 1966 2505 2010 et

307 2037 617 2087 Bacchnridoe
639 2039 688 2087 in
714 2040 921 2089 Eusebii
943 2040 1225 2090 chronicis.
1261 2041 1559 2103 spernimus
1579 2055 1701 2105 ergo
1719 2040 2247 2104 Augustoclivienses,
2271 2040 2503 2089 Rhenani

307 2120 515 2170 colonos
539 2134 724 2170 novos:
777 2128 833 2170 et
869 2121 1130 2171 Maeniana
1152 2122 1242 2170 illa
1268 2120 1625 2184 Augustuduni
1647 2121 2022 2186 constituimus,
2043 2128 2101 2170 nt
2132 2121 2212 2171 bic
2234 2135 2299 2170 ex
2319 2122 2501 2173 Tacito

306 2199 466 2262 vides,
486 2202 836 2251 vetustissima
857 2209 975 2265 post
998 2202 1301 2261 Massiliam,
1325 2203 1574 2251 bonarum
1595 2204 1778 2252 artium
1802 2203 1944 2254 sede.

372 2281 516 2331 Ano.
553 2282 759 2346 Ergone
794 2290 1053 2333 certamen
1078 2282 1199 2332 mihi
1223 2298 1427 2346 novum,
1465 2298 1562 2347 pro
1590 2283 1852 2334 veteribus
1883 2282 2186 2332 Moenianis?
2234 2297 2422 2333 novum
2444 2291 2500 2334 et

303 2376 558 2426 inagnum,
577 2377 690 2413 cum
710 2364 819 2411 viro
842 2376 1042 2427 magno.
1088 2363 1295 2413 Tecum·
1307 2364 1569 2427 Stephane
1593 2363 1745 2427 Pighi
1766 2379 1779 2411 ε
1814 2363 1900 2428 qui
1923 2362 1975 2411 in
2002 2362 2228 2412 Hercule
2252 2362 2499 2414 Prodicio

302 2456 487 2506 nuper,
508 2443 618 2506 ipso
642 2439 785 2491 aditu
809 2442 883 2491 tui
903 2443 1091 2507 operis,
1112 2444 1185 2493 ita
1209 2444 1400 2493 acriter
1436 2451 1493 2494 et
1513 2444 1683 2493 multis
1704 2444 1953 2493 machinis
1976 2457 2063 2492 eas
2085 2444 2416 2507 oppugnasti,
2439 2449 2500 2493 ut

301 2522 526 2572 nesciam
551 2536 614 2570 sn
639 2522 733 2570 sim
754 2524 1105 2587 repugnando.
1168 2524 1359 2573 Tamen
1396 2523 1517 2588 quia
1550 2538 1746 2573 caussoe
1785 2523 2003 2586 bonitas,
2040 2523 2136 2572 nisi
2166 2521 2340 2586 fallor,
2364 2539 2394 2573 a
2417 2537 2499 2572 me

301 2608 400 2665 cst,
434 2602 572 2651 nitar
594 2616 688 2666 pro
720 2603 976 2652 veritate:
1012 2603 1278 2665 disponam
1309 2603 1441 2653 hanc
1464 2603 1570 2651 stili
1603 2604 1785 2665 aciem,
1806 2616 1984 2651 manns
2008 2611 2179 2653 tecum
2202 2602 2498 2665 conferam3

303 2681 395 2730 sed
420 2688 479 2730 ut
508 2697 622 2732 cum
669 2683 852 2745 amico,
876 2684 1029 2747 plane
1053 2683 1235 2733 amice.
1300 2684 1375 2733 Ut
1411 2697 1510 2732 non
1535 2684 1698 2733 solum
1736 2683 1848 2731 sine
1871 2683 2025 2746 plaga
2060 2696 2234 2747 pugna
2260 2683 2371 2735 haec
2407 2685 2497 2748 sit,

300 2760 393 2810 sed
413 2761 525 2811 sine
548 2763 869 2826 sugillatione
893 2770 1175 2815 anemorsn
1195 2783 1210 2814 z
1255 2765 1390 2815 sicut
1409 2764 1561 2814 decet
1582 2763 1784 2813 mitium
1805 2763 2026 2813 Dearnm
2051 2762 2298 2815 alumnos.
2318 2765 2498 2827 Ἀγαυὴ

300 2842 340 2889 δ’
372 2840 463 2905 ἔρις
493 2841 575 2899 ἥδε
595 2845 822 2906 βροτοῖσι.
886 2845 1134 2909 Quisquis
1177 2845 1290 2894 haec
1333 2846 1491 2908 leges,
1525 2843 1771 2894 affectum
1797 2845 1848 2894 iu
1872 2860 1953 2896 me
1991 2852 2082 2895 ant
2100 2861 2195 2911 pro
2220 2861 2301 2896 me
2324 2861 2456 2911 pone
2478 2866 2494 2899 ε

298 2919 477 2984 Μικρὸν
491 2919 750 2984 φροντίζων
764 2924 850 2972 τοῦ
867 2922 1047 2988 Aspicis,
1065 2926 1153 2984 τῆς
1174 2922 1227 2974 δδ
1243 2924 1462 2983 ἀληθείας
1477 2923 1604 2973 πολὺ
1623 2926 1827 2985 μᾶλλον.
1893 2925 2021 2975 Dixi
2039 2940 2135 2988 ego
2157 2926 2356 2976 nobiles
2378 2927 2494 2977 illas

298 3000 553 3051 Oratione
574 3004 809 3053 Eumenii
837 3005 1037 3055 scholas
1069 3005 1382 3069 (Maenianas
1413 3006 1525 3070 ipse
1552 3005 1805 3070 appellat)
1829 3004 2191 3068 Augustuduni
2217 3007 2269 3055 in
2292 3006 2496 3057 Celtica

297 3080 455 3131 fuisse
477 3098 491 3131 τ
529 3090 602 3144 tu,
630 3084 802 3148 l‘igbi,
823 3084 1233 3149 Augusto-Clivii
1255 3101 1340 3136 eas
1357 3088 1578 3135 collocas
1594 3087 1644 3135 in
1666 3093 1898 3135 extrema
1920 3086 2136 3150 Belgica
2152 3085 2216 3135 ad
2241 3086 2494 3137 Rhenum.

297 3161 384 3212 Ita
406 3170 518 3214 toto
538 3166 646 3214 solo
669 3173 723 3214 et
755 3168 902 3227 caelo,
933 3168 1068 3231 quod
1092 3167 1303 3228 dicitur,
1324 3167 1646 3217 dissidemus.
1712 3168 1828 3217 Tua
1852 3174 2153 3229 argumenta
2175 3167 2498 3237 praevidebo,

293 3245 556 3295 subseram
596 3261 725 3295 mea.
792 3245 884 3295 Ais
922 3247 1103 3309 primo,
1143 3248 1241 3297 niti
1281 3255 1334 3297 te
1374 3261 1524 3297 sacra
1562 3247 1853 3297 Constantii
1892 3247 2113 3297 Caesaris
2145 3246 2368 3310 epistola
2406 3247 2495 3312 (ca

295 3325 533 3375 Orationi
551 3327 745 3376 inserta
766 3327 873 3392 est)
895 3328 944 3376 in
967 3343 1067 3392 qua
1092 3328 1687 3391 Augusto-Cliviensium
1701 3326 1954 3392 oppidum
1972 3325 2168 3375 diserte
2184 3327 2491 3378 nominatur.

293 3405 498 3456 Verba:
532 3408 548 3434 ‘
576 3405 851 3457 Merentur
872 3415 927 3457 et
949 3408 1087 3457 Galli
1112 3409 1290 3471 nostri,
1319 3417 1377 3459 ut
1394 3424 1569 3459 eorum
1586 3408 1778 3472 liberis,
1799 3421 2014 3473 quornm
2037 3408 2144 3458 vita
2162 3408 2215 3457 in
2236 3408 2494 3472 Augusto-

292 3486 622 3536 Cliviensium
647 3488 803 3551 opido
842 3489 1074 3553 ingenuis
1111 3490 1307 3540 artibus
1342 3491 1611 3552 eruditnr;
1644 3498 1699 3540 ct
1726 3489 1823 3554 ipsi
1843 3489 2215 3551 adolescentes,
2236 3496 2294 3537 ut
2314 3504 2490 3539 eorum

290 3565 451 3616 indoli
474 3569 744 3617 consulere
765 3569 1059 3633 cupiamus.'
1127 3570 1264 3630 Hoc,
1294 3570 1456 3634 Pigbi,
1478 3568 1688 3620 adfers?
1722 3568 1841 3620 vide
1863 3582 1929 3617 ne
1951 3568 2148 3618 Lunam
2169 3569 2319 3631 bane,
2350 3570 2490 3634 quod

288 3646 466 3698 Gra-ci
489 3647 691 3711 dicunt,
714 3648 765 3697 in
790 3656 843 3699 te
877 3649 1148 3701 detrahas:
1201 3658 1308 3712 aut,
1346 3649 1484 3715 qnod
1522 3650 1715 3709 Latini,
1753 3648 1946 3699 asciam
1987 3649 2086 3698 tuis
2106 3650 2218 3712 ipse
2253 3650 2487 3700 cruribus

288 3727 473 3779 illidas.
542 3729 677 3778 Nam
715 3729 787 3778 ita
810 3729 1016 3794 quidem
1058 3730 1332 3780 Rhenanus
1367 3730 1616 3795 vulgavit,
1633 3729 1833 3780 fateor:
1869 3729 1980 3793 sed,
2001 3729 2139 3794 quod
2162 3730 2296 3780 scire
2319 3739 2374 3781 te
2399 3738 2488 3782 tus

289 3807 525 3870 interest,
554 3810 707 3859 aliter
726 3816 780 3858 et
805 3825 834 3858 a
857 3825 972 3859 mea
1005 3817 1179 3859 mente
1212 3810 1299 3858 diu
1336 3817 1458 3859 ante
1481 3810 1623 3858 illum
1647 3809 2011 3875 cuspinianus,
2033 3811 2084 3859 in
2107 3826 2210 3876 quo
2234 3813 2486 3876 reperies»

289 3889 779 3951 Augustodnnensim
808 3891 961 3953 opido,
997 3891 1156 3940 clare.
1223 3892 1343 3941 Utri
1382 3889 1691 3941 credendum
1723 3890 1918 3954 magis?
1964 3906 2061 3955 ego
2084 3891 2200 3941 huic
2222 3906 2489 3958 censeam,

288 3983 391 4018 non
427 3969 588 4017 solum
611 3970 731 4034 quia
755 3970 831 4018 vir
851 3969 1239 4033 simplicissima
1278 3970 1573 4035 probitatis,
1594 3969 1683 4019 sed
1722 3971 1885 4035 magis
1919 3972 2037 4035 quia
2064 3972 2207 4022 libris
2229 3972 2404 4036 probis
2430 3978 2484 4024 et

287 4049 509 4097 vetustis
532 4064 650 4097 usus
673 4048 809 4114 (tota
833 4049 1009 4100 Editio
1031 4050 1216 4111 docet;
1269 4051 1482 4102 infinitis
1514 4044 1750 4115 partibus
1784 4053 1874 4100 illa
1907 4052 2141 4102 Rhenani
2163 4053 2363 4116 melior,
2381 4052 2484 4103 imo

288 4138 346 4178 et
369 4128 594 4189 auctior)
626 4144 754 4193 quos
775 4131 912 4179 alter
931 4130 1167 4180 habuisse
1193 4130 1386 4180 fatetur
1416 4132 1597 4181 nullos.
1662 4131 1829 4194 Igitur
1849 4132 1947 4181 lioc
1977 4131 2136 4181 telum
2159 4147 2369 4197 anceps,
2393 4139 2486 4185 aut

285 4207 385 4262 tibi
406 4207 706 4260 adversum:
742 4209 959 4276 ideoque
975 4211 1223 4262 validiore
1236 4212 1351 4276 jam
1374 4225 1588 4277 pugnas.
1636 4212 1821 4262 Exstat
1840 4211 1999 4275 ipsius
2025 4212 2276 4278 mimmii,
2299 4214 2488 4282 inquis,
