<?xml version="1.0" encoding="UTF-8"?>
<!DOCTYPE html PUBLIC "-//W3C//DTD XHTML 1.0 Transitional//EN"
    "http://www.w3.org/TR/xhtml1/DTD/xhtml1-transitional.dtd">
<html xmlns="http://www.w3.org/1999/xhtml" xml:lang="en" lang="en">
 <head>
  <title>
</title>
<meta http-equiv="Content-Type" content="text/html;charset=utf-8" />
  <meta name='ocr-system' content='tesseract 3.04.00' />
  <meta name='ocr-capabilities' content='ocr_page ocr_carea ocr_par ocr_line ocrx_word'/>
</head>
<body>
  <div class='ocr_page' id='page_1' title='image "./operaomnia07tacigoog_0726.png"; bbox 0 0 3050 4867; ppageno 0'>
   <div class='ocr_carea' id='block_1_1' title="bbox 528 336 2033 410">
    <p class='ocr_par' dir='ltr' id='par_1_1' title="bbox 528 336 2033 410">
     <span class='ocr_line' id='line_1_1' title="bbox 528 336 2033 410; baseline -0.001 0"><span class='ocrx_word' id='word_1_1' title='bbox 528 336 709 410; x_wconf 73' lang='lat'><strong>4488</strong></span> <span class='ocrx_word' id='word_1_2' title='bbox 1251 356 1311 409; x_wconf 74' lang='lat' dir='ltr'><strong>J.</strong></span> <span class='ocrx_word' id='word_1_3' title='bbox 1363 356 1585 407; x_wconf 76' lang='lat' dir='ltr'><strong>mesu</strong></span> <span class='ocrx_word' id='word_1_4' title='bbox 1637 357 2033 409; x_wconf 63' lang='lat' dir='ltr'><strong>excurrens</strong></span> 
     </span>
    </p>
   </div>
   <div class='ocr_carea' id='block_1_2' title="bbox 524 500 2740 1132">
    <p class='ocr_par' dir='ltr' id='par_1_2' title="bbox 524 500 2740 1132">
     <span class='ocr_line' id='line_1_2' title="bbox 532 500 2738 566; baseline -0.002 -9"><span class='ocrx_word' id='word_1_5' title='bbox 532 507 725 557; x_wconf 84' lang='lat' dir='ltr'><strong>clarum</strong></span> <span class='ocrx_word' id='word_1_6' title='bbox 749 502 1011 554; x_wconf 83' lang='lat' dir='ltr'><strong>ordinibus</strong></span> <span class='ocrx_word' id='word_1_7' title='bbox 1032 502 1227 554; x_wconf 87' lang='lat' dir='ltr'><strong>incolas</strong></span> <span class='ocrx_word' id='word_1_8' title='bbox 1249 516 1407 553; x_wconf 82' lang='lat' dir='ltr'><strong>novos</strong></span> <span class='ocrx_word' id='word_1_9' title='bbox 1424 501 1674 552; x_wconf 84' lang='lat' dir='ltr'><strong>indultos&#39;</strong></span> <span class='ocrx_word' id='word_1_10' title='bbox 1697 516 1803 551; x_wconf 64' lang='lat' dir='ltr'><strong>sun</strong></span> <span class='ocrx_word' id='word_1_11' title='bbox 1821 502 2025 552; x_wconf 76' lang='lat' dir='ltr'><strong>civitati</strong></span> <span class='ocrx_word' id='word_1_12' title='bbox 2042 500 2111 551; x_wconf 81' lang='lat' dir='ltr'><strong>ab</strong></span> <span class='ocrx_word' id='word_1_13' title='bbox 2128 501 2299 566; x_wconf 69' lang='lat' dir='ltr'><strong>liupp-</strong></span> <span class='ocrx_word' id='word_1_14' title='bbox 2321 501 2524 552; x_wconf 84' lang='lat' dir='ltr'><strong>scribit.</strong></span> <span class='ocrx_word' id='word_1_15' title='bbox 2579 501 2738 553; x_wconf 68' lang='lat' dir='ltr'><strong>Alina</strong></span> 
     </span>
     <span class='ocr_line' id='line_1_3' title="bbox 529 579 2739 649; baseline -0.001 -14"><span class='ocrx_word' id='word_1_16' title='bbox 529 587 727 638; x_wconf 81' lang='lat' dir='ltr'><strong>Orator</strong></span> <span class='ocrx_word' id='word_1_17' title='bbox 748 587 801 635; x_wconf 89' lang='lat' dir='ltr'><strong>iu</strong></span> <span class='ocrx_word' id='word_1_18' title='bbox 835 585 1157 649; x_wconf 70' lang='lat' dir='ltr'><strong>Panegyrico</strong></span> <span class='ocrx_word' id='word_1_19' title='bbox 1191 583 1257 633; x_wconf 87' lang='lat' dir='ltr'><strong>ad</strong></span> <span class='ocrx_word' id='word_1_20' title='bbox 1281 583 1655 631; x_wconf 70' lang='lat' dir='ltr'><strong>Maximianum</strong></span> <span class='ocrx_word' id='word_1_21' title='bbox 1688 583 1705 610; x_wconf 76' lang='lat'>⁸</span> <span class='ocrx_word' id='word_1_22' title='bbox 1730 582 1925 632; x_wconf 80' lang='lat' dir='ltr'><strong>Civitas</strong></span> <span class='ocrx_word' id='word_1_23' title='bbox 1957 579 2264 645; x_wconf 61' lang='lat' dir='ltr'><strong>Edam-am:</strong></span> <span class='ocrx_word' id='word_1_24' title='bbox 2303 583 2521 647; x_wconf 59' lang='grc' dir='ltr'><strong>ἱιιιῃιιὶι,ι</strong></span> <span class='ocrx_word' id='word_1_25' title='bbox 2545 597 2616 631; x_wconf 83' lang='lat' dir='ltr'><strong>ex</strong></span> <span class='ocrx_word' id='word_1_26' title='bbox 2635 583 2739 633; x_wconf 72' lang='lat' dir='ltr'><strong>hae</strong></span> 
     </span>
     <span class='ocr_line' id='line_1_4' title="bbox 524 661 2739 727; baseline -0.005 -6"><span class='ocrx_word' id='word_1_27' title='bbox 524 669 848 721; x_wconf 63' lang='lat' dir='ltr'><strong>Britannica</strong></span> <span class='ocrx_word' id='word_1_28' title='bbox 872 666 1125 717; x_wconf 73' lang='lat' dir='ltr'><strong>facultate</strong></span> <span class='ocrx_word' id='word_1_29' title='bbox 1148 664 1383 714; x_wconf 70' lang='lat' dir='ltr'><strong>victori-2</strong></span> <span class='ocrx_word' id='word_1_30' title='bbox 1422 664 1686 727; x_wconf 82' lang='lat' dir='ltr'><strong>plurimos,</strong></span> <span class='ocrx_word' id='word_1_31' title='bbox 1708 662 1892 727; x_wconf 82' lang='lat' dir='ltr'><strong>quibus</strong></span> <span class='ocrx_word' id='word_1_32' title='bbox 1924 663 2025 712; x_wconf 76' lang='lat' dir='ltr'><strong>illae</strong></span> <span class='ocrx_word' id='word_1_33' title='bbox 2048 664 2323 726; x_wconf 64' lang='lat' dir='ltr'><strong>provinciae</strong></span> <span class='ocrx_word' id='word_1_34' title='bbox 2349 661 2739 723; x_wconf 62' lang='lat' dir='ltr'><strong>redundabat,</strong></span> 
     </span>
     <span class='ocr_line' id='line_1_5' title="bbox 526 745 2740 816; baseline -0.004 -13"><span class='ocrx_word' id='word_1_35' title='bbox 526 751 734 816; x_wconf 86' lang='lat' dir='ltr'><strong>accepit</strong></span> <span class='ocrx_word' id='word_1_36' title='bbox 756 748 1011 799; x_wconf 65' lang='lat' dir='ltr'><strong>artifices!</strong></span> <span class='ocrx_word' id='word_1_37' title='bbox 1080 747 1266 796; x_wconf 82' lang='lat' dir='ltr'><strong>Nonne</strong></span> <span class='ocrx_word' id='word_1_38' title='bbox 1300 746 1481 794; x_wconf 84' lang='lat' dir='ltr'><strong>eadem</strong></span> <span class='ocrx_word' id='word_1_39' title='bbox 1520 745 1587 794; x_wconf 90' lang='lat' dir='ltr'><strong>de</strong></span> <span class='ocrx_word' id='word_1_40' title='bbox 1623 759 1681 794; x_wconf 90' lang='lat' dir='ltr'><strong>re</strong></span> <span class='ocrx_word' id='word_1_41' title='bbox 1721 745 1891 808; x_wconf 85' lang='lat' dir='ltr'><strong>palam</strong></span> <span class='ocrx_word' id='word_1_42' title='bbox 1928 753 2086 808; x_wconf 85' lang='lat' dir='ltr'><strong>atque</strong></span> <span class='ocrx_word' id='word_1_43' title='bbox 2127 745 2252 793; x_wconf 86' lang='lat' dir='ltr'><strong>urbe</strong></span> <span class='ocrx_word' id='word_1_44' title='bbox 2293 745 2614 808; x_wconf 83' lang='lat' dir='ltr'><strong>loquuntur?</strong></span> <span class='ocrx_word' id='word_1_45' title='bbox 2663 746 2740 794; x_wconf 75' lang='lat' dir='ltr'><strong>Et</strong></span> 
     </span>
     <span class='ocr_line' id='line_1_6' title="bbox 526 825 2736 900; baseline -0.004 -16"><span class='ocrx_word' id='word_1_46' title='bbox 526 833 650 900; x_wconf 85' lang='lat' dir='ltr'><strong>quid</strong></span> <span class='ocrx_word' id='word_1_47' title='bbox 674 832 831 881; x_wconf 78' lang='lat' dir='ltr'><strong>verba</strong></span> <span class='ocrx_word' id='word_1_48' title='bbox 860 827 1028 877; x_wconf 81' lang='lat' dir='ltr'><strong>facio?</strong></span> <span class='ocrx_word' id='word_1_49' title='bbox 1061 827 1214 876; x_wconf 87' lang='lat' dir='ltr'><strong>citius</strong></span> <span class='ocrx_word' id='word_1_50' title='bbox 1247 826 1337 889; x_wconf 83' lang='lat' dir='ltr'><strong>pili</strong></span> <span class='ocrx_word' id='word_1_51' title='bbox 1372 832 1657 874; x_wconf 78' lang='lat' dir='ltr'><strong>nascantur</strong></span> <span class='ocrx_word' id='word_1_52' title='bbox 1676 826 1729 874; x_wconf 92' lang='lat' dir='ltr'><strong>in</strong></span> <span class='ocrx_word' id='word_1_53' title='bbox 1757 825 1855 874; x_wconf 83' lang='lat' dir='ltr'><strong>hac</strong></span> <span class='ocrx_word' id='word_1_54' title='bbox 1886 839 2064 874; x_wconf 84' lang='lat' dir='ltr'><strong>manus</strong></span> <span class='ocrx_word' id='word_1_55' title='bbox 2099 826 2233 886; x_wconf 82' lang='lat' dir='ltr'><strong>vola,</strong></span> <span class='ocrx_word' id='word_1_56' title='bbox 2250 838 2400 890; x_wconf 83' lang='lat' dir='ltr'><strong>quam</strong></span> <span class='ocrx_word' id='word_1_57' title='bbox 2424 825 2603 888; x_wconf 87' lang='lat' dir='ltr'><strong>opinio</strong></span> <span class='ocrx_word' id='word_1_58' title='bbox 2621 831 2736 891; x_wconf 76' lang='lat' dir='ltr'><strong>tua,</strong></span> 
     </span>
     <span class='ocr_line' id='line_1_7' title="bbox 525 904 2732 978; baseline -0.005 -14"><span class='ocrx_word' id='word_1_59' title='bbox 525 914 700 978; x_wconf 84' lang='lat' dir='ltr'><strong>Pigbi,</strong></span> <span class='ocrx_word' id='word_1_60' title='bbox 739 912 788 960; x_wconf 93' lang='lat' dir='ltr'><strong>iu</strong></span> <span class='ocrx_word' id='word_1_61' title='bbox 828 922 943 959; x_wconf 87' lang='lat' dir='ltr'><strong>mea</strong></span> <span class='ocrx_word' id='word_1_62' title='bbox 976 915 1183 957; x_wconf 87' lang='lat' dir='ltr'><strong>mente:</strong></span> <span class='ocrx_word' id='word_1_63' title='bbox 1238 906 1391 956; x_wconf 79' lang='lat' dir='ltr'><strong>exiis</strong></span> <span class='ocrx_word' id='word_1_64' title='bbox 1429 905 1655 970; x_wconf 85' lang='lat' dir='ltr'><strong>quidem,</strong></span> <span class='ocrx_word' id='word_1_65' title='bbox 1677 921 1792 970; x_wconf 76' lang='lat' dir='ltr'><strong>quae</strong></span> <span class='ocrx_word' id='word_1_66' title='bbox 1830 905 1996 955; x_wconf 84' lang='lat' dir='ltr'><strong>adbuc</strong></span> <span class='ocrx_word' id='word_1_67' title='bbox 2018 906 2214 955; x_wconf 78' lang='lat' dir='ltr'><strong>dixisti.</strong></span> <span class='ocrx_word' id='word_1_68' title='bbox 2281 907 2412 955; x_wconf 85' lang='lat' dir='ltr'><strong>Nam</strong></span> <span class='ocrx_word' id='word_1_69' title='bbox 2429 904 2663 955; x_wconf 81' lang='lat' dir='ltr'><strong>firmiora</strong></span> <span class='ocrx_word' id='word_1_70' title='bbox 2685 906 2732 954; x_wconf 83' lang='lat' dir='ltr'><strong>si</strong></span> 
     </span>
     <span class='ocr_line' id='line_1_8' title="bbox 525 984 2734 1053; baseline -0.003 -9"><span class='ocrx_word' id='word_1_71' title='bbox 525 992 737 1046; x_wconf 78' lang='lat' dir='ltr'><strong>adfers:</strong></span> <span class='ocrx_word' id='word_1_72' title='bbox 773 991 929 1041; x_wconf 84' lang='lat' dir='ltr'><strong>facile</strong></span> <span class='ocrx_word' id='word_1_73' title='bbox 961 1004 1059 1053; x_wconf 84' lang='lat' dir='ltr'><strong>ego</strong></span> <span class='ocrx_word' id='word_1_74' title='bbox 1098 990 1328 1038; x_wconf 86' lang='lat' dir='ltr'><strong>Plancus</strong></span> <span class='ocrx_word' id='word_1_75' title='bbox 1361 995 1449 1036; x_wconf 85' lang='lat' dir='ltr'><strong>aut</strong></span> <span class='ocrx_word' id='word_1_76' title='bbox 1484 988 1727 1050; x_wconf 88' lang='lat' dir='ltr'><strong>Deillius,</strong></span> <span class='ocrx_word' id='word_1_77' title='bbox 1748 1002 1846 1037; x_wconf 91' lang='lat' dir='ltr'><strong>nec</strong></span> <span class='ocrx_word' id='word_1_78' title='bbox 1867 988 2109 1037; x_wconf 85' lang='lat' dir='ltr'><strong>morabor</strong></span> <span class='ocrx_word' id='word_1_79' title='bbox 2130 985 2401 1050; x_wconf 82' lang='lat' dir='ltr'><strong>transfugii</strong></span> <span class='ocrx_word' id='word_1_80' title='bbox 2419 984 2734 1049; x_wconf 72' lang='lat' dir='ltr'><strong>(dummodo</strong></span> 
     </span>
     <span class='ocr_line' id='line_1_9' title="bbox 524 1067 2736 1132; baseline -0.005 -7"><span class='ocrx_word' id='word_1_81' title='bbox 524 1077 577 1126; x_wconf 88' lang='lat' dir='ltr'><strong>in</strong></span> <span class='ocrx_word' id='word_1_82' title='bbox 596 1072 848 1123; x_wconf 71' lang='lat' dir='ltr'><strong>Veritatis</strong></span> <span class='ocrx_word' id='word_1_83' title='bbox 885 1071 1083 1132; x_wconf 76' lang='lat' dir='ltr'><strong>castra)</strong></span> <span class='ocrx_word' id='word_1_84' title='bbox 1103 1070 1258 1118; x_wconf 84' lang='lat' dir='ltr'><strong>ullam</strong></span> <span class='ocrx_word' id='word_1_85' title='bbox 1282 1074 1472 1118; x_wconf 85' lang='lat' dir='ltr'><strong>notam.</strong></span> <span class='ocrx_word' id='word_1_86' title='bbox 1542 1068 1674 1119; x_wconf 75' lang='lat' dir='ltr'><strong>Haec</strong></span> <span class='ocrx_word' id='word_1_87' title='bbox 1714 1068 1931 1118; x_wconf 86' lang='lat' dir='ltr'><strong>candide</strong></span> <span class='ocrx_word' id='word_1_88' title='bbox 1952 1084 1985 1118; x_wconf 89' lang='lat' dir='ltr'><strong>a</strong></span> <span class='ocrx_word' id='word_1_89' title='bbox 2003 1083 2088 1118; x_wconf 78' lang='lat' dir='ltr'><strong>sne</strong></span> <span class='ocrx_word' id='word_1_90' title='bbox 2120 1069 2345 1131; x_wconf 84' lang='lat' dir='ltr'><strong>scripta:</strong></span> <span class='ocrx_word' id='word_1_91' title='bbox 2381 1069 2532 1117; x_wconf 79' lang='lat' dir='ltr'><strong>homo</strong></span> <span class='ocrx_word' id='word_1_92' title='bbox 2550 1067 2736 1116; x_wconf 79' lang='lat' dir='ltr'><strong>candi·</strong></span> 
     </span>
    </p>
   </div>
   <div class='ocr_carea' id='block_1_3' title="bbox 527 1149 1783 1219">
    <p class='ocr_par' dir='ltr' id='par_1_3' title="bbox 527 1149 1783 1219">
     <span class='ocr_line' id='line_1_10' title="bbox 527 1149 1783 1219; baseline -0.005 -14"><span class='ocrx_word' id='word_1_93' title='bbox 527 1155 750 1219; x_wconf 82' lang='lat' dir='ltr'><strong>dissime,</strong></span> <span class='ocrx_word' id='word_1_94' title='bbox 769 1155 880 1204; x_wconf 86' lang='lat' dir='ltr'><strong>siue</strong></span> <span class='ocrx_word' id='word_1_95' title='bbox 904 1153 1008 1202; x_wconf 82' lang='lat' dir='ltr'><strong>ulla</strong></span> <span class='ocrx_word' id='word_1_96' title='bbox 1031 1150 1215 1199; x_wconf 72' lang='lat' dir='ltr'><strong>frontis</strong></span> <span class='ocrx_word' id='word_1_97' title='bbox 1236 1149 1507 1213; x_wconf 81' lang='lat' dir='ltr'><strong>nubecula,</strong></span> <span class='ocrx_word' id='word_1_98' title='bbox 1527 1150 1602 1199; x_wconf 85' lang='lat' dir='ltr'><strong>sic</strong></span> <span class='ocrx_word' id='word_1_99' title='bbox 1623 1151 1783 1214; x_wconf 82' lang='lat' dir='ltr'><strong>leges.</strong></span> 
     </span>
    </p>
   </div>
   <div class='ocr_carea' id='block_1_4' title="bbox 1596 1342 1644 1393">
    <p class='ocr_par' dir='ltr' id='par_1_4' title="bbox 1596 1342 1644 1393">
     <span class='ocr_line' id='line_1_11' title="bbox 1596 1342 1644 1393; baseline -0.021 0"><span class='ocrx_word' id='word_1_100' title='bbox 1596 1342 1644 1393; x_wconf 91' lang='lat'><strong>1.</strong></span> 
     </span>
    </p>
   </div>
   <div class='ocr_carea' id='block_1_5' title="bbox 501 1470 2760 4247">
    <p class='ocr_par' dir='ltr' id='par_1_5' title="bbox 501 1470 2760 4195">
     <span class='ocr_line' id='line_1_12' title="bbox 588 1470 2729 1539; baseline -0.001 -15"><span class='ocrx_word' id='word_1_101' title='bbox 588 1473 724 1525; x_wconf 70' lang='lat' dir='ltr'><strong>cu».</strong></span> <span class='ocrx_word' id='word_1_102' title='bbox 757 1477 837 1523; x_wconf 71' lang='lat'><strong>5⁸.</strong></span> <span class='ocrx_word' id='word_1_103' title='bbox 872 1473 1073 1523; x_wconf 82' lang='lat' dir='ltr'><strong>Seneca</strong></span> <span class='ocrx_word' id='word_1_104' title='bbox 1107 1474 1193 1523; x_wconf 89' lang='lat' dir='ltr'><strong>De</strong></span> <span class='ocrx_word' id='word_1_105' title='bbox 1238 1472 1548 1522; x_wconf 86' lang='lat' dir='ltr'><strong>Beneficiis:</strong></span> <span class='ocrx_word' id='word_1_106' title='bbox 1597 1472 1615 1502; x_wconf 73' lang='lat'><strong>⁴</strong></span> <span class='ocrx_word' id='word_1_107' title='bbox 1639 1471 1806 1521; x_wconf 81' lang='lat' dir='ltr'><strong>Video</strong></span> <span class='ocrx_word' id='word_1_108' title='bbox 1848 1472 2063 1522; x_wconf 86' lang='lat' dir='ltr'><strong>uniones</strong></span> <span class='ocrx_word' id='word_1_109' title='bbox 2104 1486 2208 1521; x_wconf 91' lang='lat' dir='ltr'><strong>non</strong></span> <span class='ocrx_word' id='word_1_110' title='bbox 2244 1470 2468 1534; x_wconf 80' lang='lat' dir='ltr'><strong>singulos</strong></span> <span class='ocrx_word' id='word_1_111' title='bbox 2499 1471 2729 1539; x_wconf 62' lang='lat' dir='ltr'><strong>singulis</strong></span> 
     </span>
     <span class='ocr_line' id='line_1_13' title="bbox 519 1551 2727 1619; baseline 0 -14"><span class='ocrx_word' id='word_1_112' title='bbox 519 1555 728 1606; x_wconf 88' lang='lat' dir='ltr'><strong>auribus</strong></span> <span class='ocrx_word' id='word_1_113' title='bbox 749 1561 1100 1618; x_wconf 81' lang='lat' dir='ltr'><strong>comparatos:</strong></span> <span class='ocrx_word' id='word_1_114' title='bbox 1147 1553 1280 1619; x_wconf 85' lang='lat' dir='ltr'><strong>(jam</strong></span> <span class='ocrx_word' id='word_1_115' title='bbox 1319 1554 1455 1603; x_wconf 77' lang='lat' dir='ltr'><strong>enim</strong></span> <span class='ocrx_word' id='word_1_116' title='bbox 1495 1554 1795 1603; x_wconf 63' lang='lat' dir='ltr'><strong>exercitate</strong></span> <span class='ocrx_word' id='word_1_117' title='bbox 1827 1567 1992 1615; x_wconf 80' lang='lat' dir='ltr'><strong>aures,</strong></span> <span class='ocrx_word' id='word_1_118' title='bbox 2013 1553 2154 1603; x_wconf 90' lang='lat' dir='ltr'><strong>oneri</strong></span> <span class='ocrx_word' id='word_1_119' title='bbox 2172 1551 2387 1602; x_wconf 81' lang='lat' dir='ltr'><strong>ferendo</strong></span> <span class='ocrx_word' id='word_1_120' title='bbox 2407 1552 2586 1612; x_wconf 74' lang='lat' dir='ltr'><strong>suntx)</strong></span> <span class='ocrx_word' id='word_1_121' title='bbox 2600 1554 2727 1617; x_wconf 75' lang='lat' dir='ltr'><strong>jun.</strong></span> 
     </span>
     <span class='ocr_line' id='line_1_14' title="bbox 519 1633 2726 1701; baseline -0.002 -15"><span class='ocrx_word' id='word_1_122' title='bbox 519 1641 711 1701; x_wconf 90' lang='lat' dir='ltr'><strong>guntur</strong></span> <span class='ocrx_word' id='word_1_123' title='bbox 733 1635 870 1684; x_wconf 88' lang='lat' dir='ltr'><strong>iuter</strong></span> <span class='ocrx_word' id='word_1_124' title='bbox 890 1650 963 1698; x_wconf 87' lang='lat' dir='ltr'><strong>se,</strong></span> <span class='ocrx_word' id='word_1_125' title='bbox 984 1646 1040 1684; x_wconf 90' lang='lat' dir='ltr'><strong>et</strong></span> <span class='ocrx_word' id='word_1_126' title='bbox 1062 1635 1272 1698; x_wconf 79' lang='lat' dir='ltr'><strong>insuper</strong></span> <span class='ocrx_word' id='word_1_127' title='bbox 1291 1635 1379 1683; x_wconf 87' lang='lat' dir='ltr'><strong>alii</strong></span> <span class='ocrx_word' id='word_1_128' title='bbox 1401 1635 1507 1684; x_wconf 85' lang='lat' dir='ltr'><strong>bini</strong></span> <span class='ocrx_word' id='word_1_129' title='bbox 1540 1642 1901 1699; x_wconf 85' lang='lat' dir='ltr'><strong>supponuntur</strong></span> <span class='ocrx_word' id='word_1_130' title='bbox 1933 1634 2115 1699; x_wconf 82' lang='lat' dir='ltr'><strong>[sorte,</strong></span> <span class='ocrx_word' id='word_1_131' title='bbox 2147 1633 2550 1698; x_wconf 59' lang='lat' dir='ltr'><strong>supp-umam]</strong></span> <span class='ocrx_word' id='word_1_132' title='bbox 2603 1634 2726 1683; x_wconf 83' lang='lat' dir='ltr'><strong>Non</strong></span> 
     </span>
     <span class='ocr_line' id='line_1_15' title="bbox 519 1714 2726 1780; baseline -0.001 -14"><span class='ocrx_word' id='word_1_133' title='bbox 519 1717 647 1766; x_wconf 88' lang='lat' dir='ltr'><strong>satis</strong></span> <span class='ocrx_word' id='word_1_134' title='bbox 681 1714 944 1764; x_wconf 87' lang='lat' dir='ltr'><strong>muliebris</strong></span> <span class='ocrx_word' id='word_1_135' title='bbox 974 1715 1173 1763; x_wconf 82' lang='lat' dir='ltr'><strong>insania</strong></span> <span class='ocrx_word' id='word_1_136' title='bbox 1220 1714 1353 1763; x_wconf 85' lang='lat' dir='ltr'><strong>viros</strong></span> <span class='ocrx_word' id='word_1_137' title='bbox 1389 1714 1831 1780; x_wconf 78' lang='lat' dir='ltr'><strong>subjecerat„nisi</strong></span> <span class='ocrx_word' id='word_1_138' title='bbox 1870 1715 1993 1765; x_wconf 85' lang='lat' dir='ltr'><strong>bina</strong></span> <span class='ocrx_word' id='word_1_139' title='bbox 2019 1729 2081 1764; x_wconf 88' lang='lat' dir='ltr'><strong>ac</strong></span> <span class='ocrx_word' id='word_1_140' title='bbox 2118 1721 2268 1765; x_wconf 85' lang='lat' dir='ltr'><strong>terna</strong></span> <span class='ocrx_word' id='word_1_141' title='bbox 2287 1714 2598 1779; x_wconf 79' lang='lat' dir='ltr'><strong>patrimonia</strong></span> <span class='ocrx_word' id='word_1_142' title='bbox 2619 1714 2726 1763; x_wconf 88' lang='lat' dir='ltr'><strong>sin·</strong></span> 
     </span>
     <span class='ocr_line' id='line_1_16' title="bbox 520 1794 2727 1859; baseline 0 -14"><span class='ocrx_word' id='word_1_143' title='bbox 520 1796 651 1859; x_wconf 86' lang='lat' dir='ltr'><strong>gulis</strong></span> <span class='ocrx_word' id='word_1_144' title='bbox 703 1795 911 1845; x_wconf 84' lang='lat' dir='ltr'><strong>auribus</strong></span> <span class='ocrx_word' id='word_1_145' title='bbox 972 1794 1379 1858; x_wconf 53' lang='lat' dir='ltr'><strong>pependissent?</strong></span> <span class='ocrx_word' id='word_1_146' title='bbox 1459 1797 1675 1845; x_wconf 83' lang='lat' dir='ltr'><strong>Tertull.</strong></span> <span class='ocrx_word' id='word_1_147' title='bbox 1727 1801 1899 1856; x_wconf 89' lang='lat' dir='ltr'><strong>acute,</strong></span> <span class='ocrx_word' id='word_1_148' title='bbox 1949 1796 2036 1846; x_wconf 89' lang='lat' dir='ltr'><strong>De</strong></span> <span class='ocrx_word' id='word_1_149' title='bbox 2079 1795 2258 1845; x_wconf 83' lang='lat' dir='ltr'><strong>babitu</strong></span> <span class='ocrx_word' id='word_1_150' title='bbox 2311 1794 2432 1845; x_wconf 90' lang='lat' dir='ltr'><strong>mul.</strong></span> <span class='ocrx_word' id='word_1_151' title='bbox 2499 1795 2516 1822; x_wconf 88' lang='lat'>‘</span> <span class='ocrx_word' id='word_1_152' title='bbox 2534 1794 2727 1845; x_wconf 75' lang='lat' dir='ltr'><strong>Greci·</strong></span> 
     </span>
     <span class='ocr_line' id='line_1_17' title="bbox 520 1874 2725 1939; baseline -0.001 -13"><span class='ocrx_word' id='word_1_153' title='bbox 520 1879 597 1926; x_wconf 77' lang='lat' dir='ltr'><strong>les</strong></span> <span class='ocrx_word' id='word_1_154' title='bbox 636 1878 834 1926; x_wconf 87' lang='lat' dir='ltr'><strong>aurium</strong></span> <span class='ocrx_word' id='word_1_155' title='bbox 869 1882 1016 1925; x_wconf 86' lang='lat' dir='ltr'><strong>cutes</strong></span> <span class='ocrx_word' id='word_1_156' title='bbox 1050 1874 1408 1925; x_wconf 82' lang='lat' dir='ltr'><strong>calendarium</strong></span> <span class='ocrx_word' id='word_1_157' title='bbox 1447 1875 1765 1937; x_wconf 83' lang='lat' dir='ltr'><strong>expendunt,</strong></span> <span class='ocrx_word' id='word_1_158' title='bbox 1784 1883 1840 1924; x_wconf 89' lang='lat' dir='ltr'><strong>et</strong></span> <span class='ocrx_word' id='word_1_159' title='bbox 1870 1876 1923 1924; x_wconf 88' lang='lat' dir='ltr'><strong>iu</strong></span> <span class='ocrx_word' id='word_1_160' title='bbox 1957 1875 2165 1925; x_wconf 83' lang='lat' dir='ltr'><strong>sinistra</strong></span> <span class='ocrx_word' id='word_1_161' title='bbox 2187 1888 2283 1938; x_wconf 89' lang='lat' dir='ltr'><strong>per</strong></span> <span class='ocrx_word' id='word_1_162' title='bbox 2323 1874 2551 1938; x_wconf 88' lang='lat' dir='ltr'><strong>singulos</strong></span> <span class='ocrx_word' id='word_1_163' title='bbox 2590 1874 2725 1939; x_wconf 65' lang='lat' dir='ltr'><strong>digi-</strong></span> 
     </span>
     <span class='ocr_line' id='line_1_18' title="bbox 518 1952 2726 2019; baseline 0 -13"><span class='ocrx_word' id='word_1_164' title='bbox 518 1964 599 2006; x_wconf 84' lang='lat' dir='ltr'><strong>tos</strong></span> <span class='ocrx_word' id='word_1_165' title='bbox 661 1956 827 2005; x_wconf 89' lang='lat' dir='ltr'><strong>saccis</strong></span> <span class='ocrx_word' id='word_1_166' title='bbox 883 1955 1095 2018; x_wconf 83' lang='lat' dir='ltr'><strong>singulis</strong></span> <span class='ocrx_word' id='word_1_167' title='bbox 1137 1952 1307 2004; x_wconf 68' lang='lat' dir='ltr'><strong>ludit!</strong></span> <span class='ocrx_word' id='word_1_168' title='bbox 1393 1953 1716 2017; x_wconf 68' lang='lat' dir='ltr'>Augustinus</span> <span class='ocrx_word' id='word_1_169' title='bbox 1759 1955 1856 2004; x_wconf 80' lang='lat' dir='ltr'><strong>boc</strong></span> <span class='ocrx_word' id='word_1_170' title='bbox 1901 1956 2120 2019; x_wconf 85' lang='lat' dir='ltr'><strong>amplius</strong></span> <span class='ocrx_word' id='word_1_171' title='bbox 2162 1955 2416 2019; x_wconf 90' lang='lat' dir='ltr'><strong>queritur,</strong></span> <span class='ocrx_word' id='word_1_172' title='bbox 2461 1969 2554 2004; x_wconf 83' lang='lat' dir='ltr'><strong>suo</strong></span> <span class='ocrx_word' id='word_1_173' title='bbox 2603 1969 2726 2006; x_wconf 60' lang='grc' dir='ltr'><strong>ενα</strong></span> 
     </span>
     <span class='ocr_line' id='line_1_19' title="bbox 517 2034 2724 2099; baseline 0 -12"><span class='ocrx_word' id='word_1_174' title='bbox 517 2038 765 2087; x_wconf 79' lang='lat' dir='ltr'><strong>insanisse</strong></span> <span class='ocrx_word' id='word_1_175' title='bbox 790 2037 839 2084; x_wconf 87' lang='lat' dir='ltr'><strong>in</strong></span> <span class='ocrx_word' id='word_1_176' title='bbox 861 2035 999 2098; x_wconf 84' lang='lat' dir='ltr'><strong>turpi</strong></span> <span class='ocrx_word' id='word_1_177' title='bbox 1038 2035 1139 2083; x_wconf 77' lang='lat' dir='ltr'><strong>isto</strong></span> <span class='ocrx_word' id='word_1_178' title='bbox 1161 2036 1362 2085; x_wconf 81' lang='lat' dir='ltr'><strong>aurium</strong></span> <span class='ocrx_word' id='word_1_179' title='bbox 1384 2034 1529 2086; x_wconf 91' lang='lat' dir='ltr'><strong>cultu</strong></span> <span class='ocrx_word' id='word_1_180' title='bbox 1563 2035 1723 2084; x_wconf 83' lang='lat' dir='ltr'><strong>etiam</strong></span> <span class='ocrx_word' id='word_1_181' title='bbox 1746 2037 1885 2085; x_wconf 82' lang='lat' dir='ltr'><strong>viros</strong></span> <span class='ocrx_word' id='word_1_182' title='bbox 1906 2052 1918 2084; x_wconf 73' lang='grc' dir='ltr'>ε</span> <span class='ocrx_word' id='word_1_183' title='bbox 1953 2049 2106 2099; x_wconf 87' lang='lat' dir='ltr'><strong>quem</strong></span> <span class='ocrx_word' id='word_1_184' title='bbox 2141 2035 2281 2097; x_wconf 79' lang='lat' dir='ltr'><strong>vide,</strong></span> <span class='ocrx_word' id='word_1_185' title='bbox 2299 2036 2341 2084; x_wconf 88' lang='lat' dir='ltr'><strong>si</strong></span> <span class='ocrx_word' id='word_1_186' title='bbox 2364 2035 2528 2098; x_wconf 88' lang='lat' dir='ltr'><strong>lubet,</strong></span> <span class='ocrx_word' id='word_1_187' title='bbox 2551 2036 2724 2099; x_wconf 80' lang='lat' dir='ltr'><strong>Epist.</strong></span> 
     </span>
     <span class='ocr_line' id='line_1_20' title="bbox 520 2114 2724 2179; baseline 0 -13"><span class='ocrx_word' id='word_1_188' title='bbox 520 2126 748 2166; x_wconf 64' lang='lat' dir='ltr'><strong>mxxxiv.</strong></span> <span class='ocrx_word' id='word_1_189' title='bbox 816 2117 943 2164; x_wconf 85' lang='lat' dir='ltr'><strong>Eum</strong></span> <span class='ocrx_word' id='word_1_190' title='bbox 984 2115 1198 2164; x_wconf 72' lang='lat' dir='ltr'><strong>luxuriae</strong></span> <span class='ocrx_word' id='word_1_191' title='bbox 1233 2115 1392 2164; x_wconf 87' lang='lat' dir='ltr'><strong>ritum</strong></span> <span class='ocrx_word' id='word_1_192' title='bbox 1428 2115 1627 2164; x_wconf 81' lang='lat' dir='ltr'><strong>referre</strong></span> <span class='ocrx_word' id='word_1_193' title='bbox 1666 2114 1870 2179; x_wconf 81' lang='lat' dir='ltr'><strong>quidam</strong></span> <span class='ocrx_word' id='word_1_194' title='bbox 1910 2122 2162 2167; x_wconf 78' lang='lat' dir='ltr'><strong>conantur</strong></span> <span class='ocrx_word' id='word_1_195' title='bbox 2196 2115 2261 2165; x_wconf 85' lang='lat' dir='ltr'><strong>ad</strong></span> <span class='ocrx_word' id='word_1_196' title='bbox 2284 2130 2450 2165; x_wconf 70' lang='lat' dir='ltr'><strong>evum</strong></span> <span class='ocrx_word' id='word_1_197' title='bbox 2472 2117 2724 2179; x_wconf 72' lang='lat' dir='ltr'><strong>priscum,</strong></span> 
     </span>
     <span class='ocr_line' id='line_1_21' title="bbox 516 2194 2724 2260; baseline 0 -15"><span class='ocrx_word' id='word_1_198' title='bbox 516 2211 583 2246; x_wconf 80' lang='lat' dir='ltr'><strong>ex</strong></span> <span class='ocrx_word' id='word_1_199' title='bbox 622 2195 814 2243; x_wconf 84' lang='lat' dir='ltr'><strong>Valerii</strong></span> <span class='ocrx_word' id='word_1_200' title='bbox 855 2194 1025 2243; x_wconf 78' lang='lat' dir='ltr'><strong>verbis</strong></span> <span class='ocrx_word' id='word_1_201' title='bbox 1062 2195 1192 2243; x_wconf 75' lang='grc' dir='ltr'><strong>1.·ν.</strong></span> <span class='ocrx_word' id='word_1_202' title='bbox 1227 2209 1275 2245; x_wconf 89' lang='lat' dir='ltr'><strong>c.</strong></span> <span class='ocrx_word' id='word_1_203' title='bbox 1308 2199 1358 2245; x_wconf 76' lang='lat'><strong>2.</strong></span> <span class='ocrx_word' id='word_1_204' title='bbox 1400 2194 1467 2243; x_wconf 86' lang='lat' dir='ltr'><strong>de</strong></span> <span class='ocrx_word' id='word_1_205' title='bbox 1506 2195 1701 2244; x_wconf 84' lang='lat' dir='ltr'><strong>Martio</strong></span> <span class='ocrx_word' id='word_1_206' title='bbox 1752 2200 1968 2246; x_wconf 85' lang='lat' dir='ltr'><strong>exorato</strong></span> <span class='ocrx_word' id='word_1_207' title='bbox 2003 2209 2035 2244; x_wconf 84' lang='lat' dir='ltr'><strong>a</strong></span> <span class='ocrx_word' id='word_1_208' title='bbox 2064 2194 2304 2246; x_wconf 78' lang='lat' dir='ltr'><strong>feminis:</strong></span> <span class='ocrx_word' id='word_1_209' title='bbox 2353 2198 2371 2225; x_wconf 78' lang='lat'><strong>⁴</strong></span> <span class='ocrx_word' id='word_1_210' title='bbox 2395 2197 2458 2246; x_wconf 90' lang='lat' dir='ltr'><strong>In</strong></span> <span class='ocrx_word' id='word_1_211' title='bbox 2499 2211 2724 2260; x_wconf 78' lang='lat' dir='ltr'><strong>quarum</strong></span> 
     </span>
     <span class='ocr_line' id='line_1_22' title="bbox 516 2273 2721 2340; baseline 0 -14"><span class='ocrx_word' id='word_1_212' title='bbox 516 2277 778 2339; x_wconf 85' lang='lat' dir='ltr'><strong>honorem,</strong></span> <span class='ocrx_word' id='word_1_213' title='bbox 814 2274 1037 2325; x_wconf 84' lang='lat' dir='ltr'><strong>Senatus</strong></span> <span class='ocrx_word' id='word_1_214' title='bbox 1074 2281 1420 2325; x_wconf 87' lang='lat' dir='ltr'><strong>matronarum</strong></span> <span class='ocrx_word' id='word_1_215' title='bbox 1462 2273 1698 2325; x_wconf 79' lang='lat' dir='ltr'><strong>ordinem</strong></span> <span class='ocrx_word' id='word_1_216' title='bbox 1738 2274 2112 2340; x_wconf 67' lang='lat' dir='ltr'><strong>benignissimis</strong></span> <span class='ocrx_word' id='word_1_217' title='bbox 2158 2274 2383 2326; x_wconf 84' lang='lat' dir='ltr'><strong>decretis</strong></span> <span class='ocrx_word' id='word_1_218' title='bbox 2424 2275 2721 2327; x_wconf 78' lang='lat' dir='ltr'><strong>adornavit.</strong></span> 
     </span>
     <span class='ocr_line' id='line_1_23' title="bbox 517 2354 2720 2421; baseline -0.001 -13"><span class='ocrx_word' id='word_1_219' title='bbox 517 2357 699 2409; x_wconf 79' lang='lat' dir='ltr'><strong>Sauxit</strong></span> <span class='ocrx_word' id='word_1_220' title='bbox 721 2371 942 2421; x_wconf 85' lang='lat' dir='ltr'><strong>namque</strong></span> <span class='ocrx_word' id='word_1_221' title='bbox 962 2357 1039 2405; x_wconf 89' lang='lat' dir='ltr'><strong>uti</strong></span> <span class='ocrx_word' id='word_1_222' title='bbox 1075 2355 1279 2405; x_wconf 82' lang='lat' dir='ltr'><strong>feminis</strong></span> <span class='ocrx_word' id='word_1_223' title='bbox 1299 2354 1486 2406; x_wconf 89' lang='lat' dir='ltr'><strong>semita</strong></span> <span class='ocrx_word' id='word_1_224' title='bbox 1506 2355 1603 2406; x_wconf 81' lang='lat' dir='ltr'><strong>viri</strong></span> <span class='ocrx_word' id='word_1_225' title='bbox 1640 2355 1909 2417; x_wconf 83' lang='lat' dir='ltr'><strong>cederent,</strong></span> <span class='ocrx_word' id='word_1_226' title='bbox 1941 2355 2203 2406; x_wconf 78' lang='lat' dir='ltr'><strong>confessus</strong></span> <span class='ocrx_word' id='word_1_227' title='bbox 2224 2357 2340 2421; x_wconf 83' lang='lat' dir='ltr'><strong>plus</strong></span> <span class='ocrx_word' id='word_1_228' title='bbox 2375 2357 2554 2410; x_wconf 78' lang='lat' dir='ltr'><strong>salutis</strong></span> <span class='ocrx_word' id='word_1_229' title='bbox 2577 2357 2720 2421; x_wconf 88' lang='lat' dir='ltr'><strong>reip.</strong></span> 
     </span>
     <span class='ocr_line' id='line_1_24' title="bbox 516 2435 2713 2503; baseline -0.001 -14"><span class='ocrx_word' id='word_1_230' title='bbox 516 2441 569 2490; x_wconf 90' lang='lat' dir='ltr'><strong>in</strong></span> <span class='ocrx_word' id='word_1_231' title='bbox 592 2438 742 2501; x_wconf 86' lang='lat' dir='ltr'><strong>stola,</strong></span> <span class='ocrx_word' id='word_1_232' title='bbox 764 2453 915 2503; x_wconf 87' lang='lat' dir='ltr'><strong>quam</strong></span> <span class='ocrx_word' id='word_1_233' title='bbox 934 2438 987 2487; x_wconf 90' lang='lat' dir='ltr'><strong>in</strong></span> <span class='ocrx_word' id='word_1_234' title='bbox 1009 2436 1164 2486; x_wconf 88' lang='lat' dir='ltr'><strong>armis</strong></span> <span class='ocrx_word' id='word_1_235' title='bbox 1195 2435 1383 2487; x_wconf 83' lang='lat' dir='ltr'><strong>fuisse.</strong></span> <span class='ocrx_word' id='word_1_236' title='bbox 1435 2436 1756 2500; x_wconf 83' lang='lat' dir='ltr'><strong>vetustisque</strong></span> <span class='ocrx_word' id='word_1_237' title='bbox 1795 2435 1994 2485; x_wconf 87' lang='lat' dir='ltr'><strong>aurium</strong></span> <span class='ocrx_word' id='word_1_238' title='bbox 2028 2436 2312 2501; x_wconf 73' lang='lat' dir='ltr'><strong>insignibus</strong></span> <span class='ocrx_word' id='word_1_239' title='bbox 2350 2450 2539 2487; x_wconf 81' lang='lat' dir='ltr'><strong>novum</strong></span> <span class='ocrx_word' id='word_1_240' title='bbox 2561 2438 2713 2487; x_wconf 76' lang='lat' dir='ltr'><strong>vittae</strong></span> 
     </span>
     <span class='ocr_line' id='line_1_25' title="bbox 515 2516 2723 2598; baseline -0 -30"><span class='ocrx_word' id='word_1_241' title='bbox 515 2518 788 2568; x_wconf 76' lang='lat' dir='ltr'><strong>discrimen</strong></span> <span class='ocrx_word' id='word_1_242' title='bbox 801 2518 1049 2583; x_wconf 61' lang='lat' dir='ltr'><strong>adjecit?</strong></span> <span class='ocrx_word' id='word_1_243' title='bbox 1069 2519 1250 2598; x_wconf 86' lang='lat' dir='ltr'><strong>legunt</strong></span> <span class='ocrx_word' id='word_1_244' title='bbox 1264 2517 1450 2579; x_wconf 72' lang='grc' dir='ltr'><strong>οιιίιιι,ι</strong></span> <span class='ocrx_word' id='word_1_245' title='bbox 1470 2517 1723 2566; x_wconf 76' lang='lat' dir='ltr'><strong>inaurium</strong></span> <span class='ocrx_word' id='word_1_246' title='bbox 1738 2516 2053 2581; x_wconf 81' lang='lat' dir='ltr'><strong>insignibus</strong></span> <span class='ocrx_word' id='word_1_247' title='bbox 2075 2518 2193 2567; x_wconf 87' lang='lat' dir='ltr'><strong>Non</strong></span> <span class='ocrx_word' id='word_1_248' title='bbox 2213 2517 2406 2581; x_wconf 87' lang='lat' dir='ltr'><strong>probo.</strong></span> <span class='ocrx_word' id='word_1_249' title='bbox 2427 2524 2486 2567; x_wconf 85' lang='lat' dir='ltr'><strong>et</strong></span> <span class='ocrx_word' id='word_1_250' title='bbox 2498 2516 2723 2568; x_wconf 80' lang='lat' dir='ltr'><strong>fortasse</strong></span> 
     </span>
     <span class='ocr_line' id='line_1_26' title="bbox 516 2596 2722 2665; baseline -0.001 -17"><span class='ocrx_word' id='word_1_251' title='bbox 516 2612 615 2648; x_wconf 88' lang='lat' dir='ltr'><strong>nec</strong></span> <span class='ocrx_word' id='word_1_252' title='bbox 638 2606 775 2649; x_wconf 70' lang='lat' dir='ltr'><strong>notoe</strong></span> <span class='ocrx_word' id='word_1_253' title='bbox 792 2599 1001 2665; x_wconf 85' lang='lat' dir='ltr'><strong>quidem</strong></span> <span class='ocrx_word' id='word_1_254' title='bbox 1022 2604 1144 2649; x_wconf 89' lang='lat' dir='ltr'><strong>tuuc</strong></span> <span class='ocrx_word' id='word_1_255' title='bbox 1175 2598 1347 2648; x_wconf 66' lang='lat' dir='ltr'><strong>ltalia‘,</strong></span> <span class='ocrx_word' id='word_1_256' title='bbox 1385 2610 1618 2661; x_wconf 65' lang='lat' dir='ltr'><strong>gemme.</strong></span> <span class='ocrx_word' id='word_1_257' title='bbox 1683 2596 2005 2662; x_wconf 76' lang='lat' dir='ltr'><strong>scripserim,</strong></span> <span class='ocrx_word' id='word_1_258' title='bbox 2037 2598 2323 2662; x_wconf 57' lang='lat' dir='ltr'><strong>nandique</strong></span> <span class='ocrx_word' id='word_1_259' title='bbox 2343 2598 2722 2660; x_wconf 53' lang='lat' dir='ltr'><strong>erminig-</strong></span> 
     </span>
     <span class='ocr_line' id='line_1_27' title="bbox 514 2676 2718 2744; baseline 0 -16"><span class='ocrx_word' id='word_1_260' title='bbox 514 2676 694 2728; x_wconf 72' lang='lat' dir='ltr'><strong>nibus?</strong></span> <span class='ocrx_word' id='word_1_261' title='bbox 747 2679 984 2730; x_wconf 87' lang='lat' dir='ltr'><strong>Crinibus</strong></span> <span class='ocrx_word' id='word_1_262' title='bbox 1012 2679 1150 2729; x_wconf 87' lang='lat' dir='ltr'><strong>enim</strong></span> <span class='ocrx_word' id='word_1_263' title='bbox 1172 2679 1445 2744; x_wconf 85' lang='lat' dir='ltr'><strong>positoque</strong></span> <span class='ocrx_word' id='word_1_264' title='bbox 1484 2690 1766 2741; x_wconf 87' lang='lat' dir='ltr'><strong>comarum,</strong></span> <span class='ocrx_word' id='word_1_265' title='bbox 1801 2684 2050 2727; x_wconf 63' lang='lat' dir='ltr'><strong>matrona</strong></span> <span class='ocrx_word' id='word_1_266' title='bbox 2073 2678 2358 2742; x_wconf 80' lang='lat' dir='ltr'><strong>antiquitus</strong></span> <span class='ocrx_word' id='word_1_267' title='bbox 2380 2677 2624 2728; x_wconf 68' lang='lat' dir='ltr'><strong>discretae</strong></span> <span class='ocrx_word' id='word_1_268' title='bbox 2651 2678 2718 2728; x_wconf 84' lang='lat' dir='ltr'><strong>ab</strong></span> 
     </span>
     <span class='ocr_line' id='line_1_28' title="bbox 512 2758 2718 2824; baseline -0.001 -15"><span class='ocrx_word' id='word_1_269' title='bbox 512 2760 764 2823; x_wconf 75' lang='lat' dir='ltr'><strong>innuptis.</strong></span> <span class='ocrx_word' id='word_1_270' title='bbox 826 2759 1191 2823; x_wconf 77' lang='lat' dir='ltr'><strong>Tertullianus,</strong></span> <span class='ocrx_word' id='word_1_271' title='bbox 1207 2760 1275 2810; x_wconf 87' lang='lat' dir='ltr'><strong>de</strong></span> <span class='ocrx_word' id='word_1_272' title='bbox 1312 2759 1614 2824; x_wconf 82' lang='lat' dir='ltr'><strong>Virginibus</strong></span> <span class='ocrx_word' id='word_1_273' title='bbox 1652 2758 1916 2810; x_wconf 81' lang='lat' dir='ltr'><strong>velandis·</strong></span> <span class='ocrx_word' id='word_1_274' title='bbox 1903 2794 1917 2807; x_wconf 92' lang='lat'><strong>.</strong></span> <span class='ocrx_word' id='word_1_275' title='bbox 1967 2758 2271 2823; x_wconf 84' lang='lat' dir='ltr'><strong>‘Simulque</strong></span> <span class='ocrx_word' id='word_1_276' title='bbox 2293 2772 2350 2807; x_wconf 87' lang='lat' dir='ltr'><strong>se</strong></span> <span class='ocrx_word' id='word_1_277' title='bbox 2374 2758 2616 2807; x_wconf 82' lang='lat' dir='ltr'><strong>mulieres</strong></span> <span class='ocrx_word' id='word_1_278' title='bbox 2639 2759 2718 2807; x_wconf 87' lang='lat' dir='ltr'><strong>in-</strong></span> 
     </span>
     <span class='ocr_line' id='line_1_29' title="bbox 515 2837 2718 2905; baseline -0.001 -15"><span class='ocrx_word' id='word_1_279' title='bbox 515 2841 846 2902; x_wconf 80' lang='lat' dir='ltr'><strong>tellexeruut,</strong></span> <span class='ocrx_word' id='word_1_280' title='bbox 869 2845 1075 2889; x_wconf 81' lang='lat' dir='ltr'><strong>vertunt</strong></span> <span class='ocrx_word' id='word_1_281' title='bbox 1096 2838 1360 2905; x_wconf 82' lang='lat' dir='ltr'><strong>capillum,</strong></span> <span class='ocrx_word' id='word_1_282' title='bbox 1385 2846 1443 2889; x_wconf 89' lang='lat' dir='ltr'><strong>et</strong></span> <span class='ocrx_word' id='word_1_283' title='bbox 1463 2853 1560 2890; x_wconf 89' lang='lat' dir='ltr'><strong>acu</strong></span> <span class='ocrx_word' id='word_1_284' title='bbox 1583 2839 1855 2890; x_wconf 73' lang='lat' dir='ltr'><strong>lasciuiore</strong></span> <span class='ocrx_word' id='word_1_285' title='bbox 1879 2853 2074 2889; x_wconf 86' lang='lat' dir='ltr'><strong>comam</strong></span> <span class='ocrx_word' id='word_1_286' title='bbox 2097 2839 2194 2887; x_wconf 78' lang='lat' dir='ltr'><strong>sibl</strong></span> <span class='ocrx_word' id='word_1_287' title='bbox 2215 2837 2464 2901; x_wconf 81' lang='lat' dir='ltr'><strong>inferunt,</strong></span> <span class='ocrx_word' id='word_1_288' title='bbox 2484 2838 2718 2888; x_wconf 74' lang='lat' dir='ltr'><strong>crinibus</strong></span> 
     </span>
     <span class='ocr_line' id='line_1_30' title="bbox 514 2919 2760 2985; baseline -0.002 -14"><span class='ocrx_word' id='word_1_289' title='bbox 514 2936 546 2971; x_wconf 84' lang='lat' dir='ltr'><strong>a</strong></span> <span class='ocrx_word' id='word_1_290' title='bbox 567 2920 742 2971; x_wconf 81' lang='lat' dir='ltr'><strong>fronte</strong></span> <span class='ocrx_word' id='word_1_291' title='bbox 761 2920 937 2971; x_wconf 80' lang='lat' dir='ltr'><strong>divisis</strong></span> <span class='ocrx_word' id='word_1_292' title='bbox 958 2927 1191 2985; x_wconf 86' lang='lat' dir='ltr'><strong>apertam</strong></span> <span class='ocrx_word' id='word_1_293' title='bbox 1214 2919 1462 2984; x_wconf 63' lang='lat' dir='ltr'><strong>professa</strong></span> <span class='ocrx_word' id='word_1_294' title='bbox 1500 2920 1902 2972; x_wconf 65' lang='lat' dir='ltr'><strong>mulieritatem!</strong></span> <span class='ocrx_word' id='word_1_295' title='bbox 1968 2921 2186 2969; x_wconf 88' lang='lat' dir='ltr'><strong>Plautus</strong></span> <span class='ocrx_word' id='word_1_296' title='bbox 2219 2920 2423 2970; x_wconf 79' lang='lat' dir='ltr'><strong>Milite:</strong></span> <span class='ocrx_word' id='word_1_297' title='bbox 2475 2924 2492 2947; x_wconf 89' lang='lat'>‘</span> <span class='ocrx_word' id='word_1_298' title='bbox 2514 2919 2717 2985; x_wconf 80' lang='lat' dir='ltr'><strong>Utique</strong></span> <span class='ocrx_word' id='word_1_299' title='bbox 2735 2928 2760 2959; x_wconf 74' lang='grc' dir='ltr'><strong>ιι</strong></span> 
     </span>
     <span class='ocr_line' id='line_1_31' title="bbox 515 3000 2716 3066; baseline -0.001 -14"><span class='ocrx_word' id='word_1_300' title='bbox 515 3014 628 3051; x_wconf 86' lang='lat' dir='ltr'><strong>eam</strong></span> <span class='ocrx_word' id='word_1_301' title='bbox 650 3009 881 3052; x_wconf 88' lang='lat' dir='ltr'><strong>ornatam</strong></span> <span class='ocrx_word' id='word_1_302' title='bbox 918 3000 1143 3052; x_wconf 79' lang='lat' dir='ltr'><strong>adducas</strong></span> <span class='ocrx_word' id='word_1_303' title='bbox 1182 3008 1528 3052; x_wconf 86' lang='lat' dir='ltr'><strong>matronarum</strong></span> <span class='ocrx_word' id='word_1_304' title='bbox 1556 3003 1726 3064; x_wconf 88' lang='lat' dir='ltr'><strong>modo,</strong></span> <span class='ocrx_word' id='word_1_305' title='bbox 1763 3002 1951 3066; x_wconf 84' lang='lat' dir='ltr'><strong>Capite</strong></span> <span class='ocrx_word' id='word_1_306' title='bbox 1974 3007 2204 3064; x_wconf 81' lang='lat' dir='ltr'><strong>compto,</strong></span> <span class='ocrx_word' id='word_1_307' title='bbox 2242 3000 2427 3062; x_wconf 82' lang='lat' dir='ltr'><strong>crines,</strong></span> <span class='ocrx_word' id='word_1_308' title='bbox 2449 3001 2716 3065; x_wconf 80' lang='lat' dir='ltr'><strong>vittasque</strong></span> 
     </span>
     <span class='ocr_line' id='line_1_32' title="bbox 511 3080 2717 3146; baseline 0.001 -15"><span class='ocrx_word' id='word_1_309' title='bbox 511 3080 738 3131; x_wconf 60' lang='lat' dir='ltr'><strong>babeat?</strong></span> <span class='ocrx_word' id='word_1_310' title='bbox 772 3081 1127 3132; x_wconf 80' lang='lat' dir='ltr'><strong>Mostellaria:</strong></span> <span class='ocrx_word' id='word_1_311' title='bbox 1162 3081 1301 3132; x_wconf 85' lang='lat' dir='ltr'><strong>‘Soli</strong></span> <span class='ocrx_word' id='word_1_312' title='bbox 1324 3082 1613 3146; x_wconf 82' lang='lat' dir='ltr'><strong>gerundum</strong></span> <span class='ocrx_word' id='word_1_313' title='bbox 1631 3096 1824 3134; x_wconf 88' lang='lat' dir='ltr'><strong>morem</strong></span> <span class='ocrx_word' id='word_1_314' title='bbox 1845 3097 2051 3141; x_wconf 85' lang='lat' dir='ltr'><strong>censeo,</strong></span> <span class='ocrx_word' id='word_1_315' title='bbox 2083 3090 2142 3132; x_wconf 92' lang='lat' dir='ltr'><strong>et</strong></span> <span class='ocrx_word' id='word_1_316' title='bbox 2176 3081 2458 3146; x_wconf 73' lang='lat' dir='ltr'><strong>capiundas</strong></span> <span class='ocrx_word' id='word_1_317' title='bbox 2484 3083 2660 3133; x_wconf 74' lang='lat' dir='ltr'><strong>crines</strong></span> <span class='ocrx_word' id='word_1_318' title='bbox 2671 3084 2717 3133; x_wconf 63' lang='grc' dir='ltr'><strong>ι’</strong></span> 
     </span>
     <span class='ocr_line' id='line_1_33' title="bbox 512 3161 2715 3228; baseline 0.002 -17"><span class='ocrx_word' id='word_1_319' title='bbox 512 3162 569 3211; x_wconf 89' lang='lat' dir='ltr'><strong>id</strong></span> <span class='ocrx_word' id='word_1_320' title='bbox 598 3169 698 3224; x_wconf 89' lang='lat' dir='ltr'><strong>est,</strong></span> <span class='ocrx_word' id='word_1_321' title='bbox 719 3162 1029 3212; x_wconf 86' lang='lat' dir='ltr'><strong>nubendum.</strong></span> <span class='ocrx_word' id='word_1_322' title='bbox 1097 3161 1316 3212; x_wconf 82' lang='lat' dir='ltr'><strong>Festus:</strong></span> <span class='ocrx_word' id='word_1_323' title='bbox 1366 3163 1383 3191; x_wconf 86' lang='lat'>‘</span> <span class='ocrx_word' id='word_1_324' title='bbox 1406 3164 1555 3213; x_wconf 85' lang='lat' dir='ltr'><strong>Senis</strong></span> <span class='ocrx_word' id='word_1_325' title='bbox 1589 3162 1817 3213; x_wconf 83' lang='lat' dir='ltr'><strong>crinibus</strong></span> <span class='ocrx_word' id='word_1_326' title='bbox 1838 3162 2092 3213; x_wconf 84' lang='lat' dir='ltr'><strong>nubentes</strong></span> <span class='ocrx_word' id='word_1_327' title='bbox 2127 3168 2392 3225; x_wconf 84' lang='lat' dir='ltr'><strong>ornantur,</strong></span> <span class='ocrx_word' id='word_1_328' title='bbox 2422 3162 2592 3228; x_wconf 84' lang='lat' dir='ltr'><strong>quod‚&#39;</strong></span> <span class='ocrx_word' id='word_1_329' title='bbox 2614 3169 2715 3216; x_wconf 73' lang='lat' dir='ltr'><strong>&amp;c-</strong></span> 
     </span>
     <span class='ocr_line' id='line_1_34' title="bbox 509 3242 2719 3309; baseline 0.001 -17"><span class='ocrx_word' id='word_1_330' title='bbox 509 3242 659 3292; x_wconf 82' lang='lat' dir='ltr'><strong>Senis</strong></span> <span class='ocrx_word' id='word_1_331' title='bbox 702 3243 944 3307; x_wconf 85' lang='lat' dir='ltr'><strong>crinibus,</strong></span> <span class='ocrx_word' id='word_1_332' title='bbox 987 3242 1041 3290; x_wconf 91' lang='lat' dir='ltr'><strong>id</strong></span> <span class='ocrx_word' id='word_1_333' title='bbox 1077 3249 1179 3304; x_wconf 88' lang='lat' dir='ltr'><strong>est,</strong></span> <span class='ocrx_word' id='word_1_334' title='bbox 1214 3257 1306 3292; x_wconf 82' lang='lat' dir='ltr'><strong>sex</strong></span> <span class='ocrx_word' id='word_1_335' title='bbox 1343 3242 1559 3293; x_wconf 90' lang='lat' dir='ltr'><strong>crinium</strong></span> <span class='ocrx_word' id='word_1_336' title='bbox 1601 3243 1833 3306; x_wconf 80' lang='lat' dir='ltr'><strong>orbibus,</strong></span> <span class='ocrx_word' id='word_1_337' title='bbox 1867 3243 1976 3293; x_wconf 81' lang='lat' dir='ltr'><strong>sive</strong></span> <span class='ocrx_word' id='word_1_338' title='bbox 2032 3243 2206 3293; x_wconf 85' lang='lat' dir='ltr'><strong>sertis.</strong></span> <span class='ocrx_word' id='word_1_339' title='bbox 2290 3243 2514 3307; x_wconf 80' lang='lat' dir='ltr'><strong>Implexi</strong></span> <span class='ocrx_word' id='word_1_340' title='bbox 2555 3244 2719 3309; x_wconf 84' lang='lat' dir='ltr'><strong>igitur</strong></span> 
     </span>
     <span class='ocr_line' id='line_1_35' title="bbox 513 3323 2714 3389; baseline 0.001 -17"><span class='ocrx_word' id='word_1_341' title='bbox 513 3323 688 3387; x_wconf 84' lang='lat' dir='ltr'><strong>capilli</strong></span> <span class='ocrx_word' id='word_1_342' title='bbox 710 3324 1041 3383; x_wconf 85' lang='lat' dir='ltr'><strong>matronales,</strong></span> <span class='ocrx_word' id='word_1_343' title='bbox 1064 3329 1123 3373; x_wconf 92' lang='lat' dir='ltr'><strong>ut</strong></span> <span class='ocrx_word' id='word_1_344' title='bbox 1142 3324 1435 3387; x_wconf 81' lang='lat' dir='ltr'><strong>exemplum</strong></span> <span class='ocrx_word' id='word_1_345' title='bbox 1458 3329 1640 3389; x_wconf 87' lang='lat' dir='ltr'><strong>petere</strong></span> <span class='ocrx_word' id='word_1_346' title='bbox 1668 3325 1795 3375; x_wconf 87' lang='lat' dir='ltr'><strong>licet</strong></span> <span class='ocrx_word' id='word_1_347' title='bbox 1818 3339 1850 3374; x_wconf 93' lang='lat' dir='ltr'><strong>a</strong></span> <span class='ocrx_word' id='word_1_348' title='bbox 1869 3324 2055 3374; x_wconf 84' lang='lat' dir='ltr'><strong>statuis</strong></span> <span class='ocrx_word' id='word_1_349' title='bbox 2076 3325 2425 3388; x_wconf 70' lang='lat' dir='ltr'><strong>numinisque:</strong></span> <span class='ocrx_word' id='word_1_350' title='bbox 2460 3324 2714 3388; x_wconf 79' lang='lat' dir='ltr'><strong>virginum</strong></span> 
     </span>
     <span class='ocr_line' id='line_1_36' title="bbox 514 3403 2713 3470; baseline 0 -17"><span class='ocrx_word' id='word_1_351' title='bbox 514 3418 914 3470; x_wconf 84' lang='lat' dir='ltr'><strong>puerorumque,</strong></span> <span class='ocrx_word' id='word_1_352' title='bbox 934 3403 1075 3465; x_wconf 87' lang='lat' dir='ltr'><strong>cirri,</strong></span> <span class='ocrx_word' id='word_1_353' title='bbox 1098 3409 1155 3453; x_wconf 92' lang='lat' dir='ltr'><strong>et</strong></span> <span class='ocrx_word' id='word_1_354' title='bbox 1173 3403 1419 3453; x_wconf 87' lang='lat' dir='ltr'><strong>cincinni.</strong></span> <span class='ocrx_word' id='word_1_355' title='bbox 1484 3403 1788 3454; x_wconf 80' lang='lat' dir='ltr'><strong>Amnianus</strong></span> <span class='ocrx_word' id='word_1_356' title='bbox 1811 3404 1901 3454; x_wconf 89' lang='lat' dir='ltr'><strong>lib.</strong></span> <span class='ocrx_word' id='word_1_357' title='bbox 1931 3416 2047 3455; x_wconf 74' lang='lat' dir='ltr'><strong>xiv,</strong></span> <span class='ocrx_word' id='word_1_358' title='bbox 2110 3406 2126 3432; x_wconf 88' lang='lat'>‘</span> <span class='ocrx_word' id='word_1_359' title='bbox 2151 3405 2220 3454; x_wconf 87' lang='lat' dir='ltr'><strong>Et</strong></span> <span class='ocrx_word' id='word_1_360' title='bbox 2241 3405 2368 3455; x_wconf 88' lang='lat' dir='ltr'><strong>licet</strong></span> <span class='ocrx_word' id='word_1_361' title='bbox 2389 3418 2713 3469; x_wconf 65' lang='lat' dir='ltr'><strong>quocumque</strong></span> 
     </span>
     <span class='ocr_line' id='line_1_37' title="bbox 512 3481 2714 3550; baseline -0.001 -15"><span class='ocrx_word' id='word_1_362' title='bbox 512 3484 687 3535; x_wconf 86' lang='lat' dir='ltr'><strong>oculos</strong></span> <span class='ocrx_word' id='word_1_363' title='bbox 725 3481 953 3547; x_wconf 82' lang='lat' dir='ltr'><strong>flexeris,</strong></span> <span class='ocrx_word' id='word_1_364' title='bbox 987 3482 1207 3533; x_wconf 84' lang='lat' dir='ltr'><strong>feminas</strong></span> <span class='ocrx_word' id='word_1_365' title='bbox 1236 3481 1432 3534; x_wconf 79' lang='lat' dir='ltr'><strong>affatim</strong></span> <span class='ocrx_word' id='word_1_366' title='bbox 1471 3487 1660 3536; x_wconf 85' lang='lat' dir='ltr'><strong>multas</strong></span> <span class='ocrx_word' id='word_1_367' title='bbox 1701 3492 1942 3550; x_wconf 86' lang='lat' dir='ltr'><strong>spectare</strong></span> <span class='ocrx_word' id='word_1_368' title='bbox 1964 3486 2208 3546; x_wconf 86' lang='lat' dir='ltr'><strong>cirratas;</strong></span> <span class='ocrx_word' id='word_1_369' title='bbox 2241 3485 2423 3550; x_wconf 83' lang='lat' dir='ltr'><strong>quibus</strong></span> <span class='ocrx_word' id='word_1_370' title='bbox 2446 3484 2491 3535; x_wconf 88' lang='lat' dir='ltr'><strong>si</strong></span> <span class='ocrx_word' id='word_1_371' title='bbox 2513 3485 2714 3550; x_wconf 83' lang='lat' dir='ltr'><strong>nupsis-</strong></span> 
     </span>
     <span class='ocr_line' id='line_1_38' title="bbox 513 3565 2712 3631; baseline 0 -16"><span class='ocrx_word' id='word_1_372' title='bbox 513 3570 649 3628; x_wconf 84' lang='lat' dir='ltr'><strong>sent,</strong></span> <span class='ocrx_word' id='word_1_373' title='bbox 670 3576 765 3628; x_wconf 87' lang='lat' dir='ltr'><strong>per</strong></span> <span class='ocrx_word' id='word_1_374' title='bbox 786 3570 996 3614; x_wconf 76' lang='lat' dir='ltr'><strong>oetatem</strong></span> <span class='ocrx_word' id='word_1_375' title='bbox 1020 3570 1100 3613; x_wconf 88' lang='lat' dir='ltr'><strong>ter</strong></span> <span class='ocrx_word' id='word_1_376' title='bbox 1111 3566 1221 3627; x_wconf 85' lang='lat' dir='ltr'><strong>jam</strong></span> <span class='ocrx_word' id='word_1_377' title='bbox 1243 3565 1392 3616; x_wconf 88' lang='lat' dir='ltr'><strong>nixus</strong></span> <span class='ocrx_word' id='word_1_378' title='bbox 1409 3572 1618 3631; x_wconf 85' lang='lat' dir='ltr'><strong>poterat</strong></span> <span class='ocrx_word' id='word_1_379' title='bbox 1631 3574 1910 3631; x_wconf 81' lang='lat' dir='ltr'><strong>suppetere</strong></span> <span class='ocrx_word' id='word_1_380' title='bbox 1930 3567 2246 3616; x_wconf 83' lang='lat' dir='ltr'><strong>liberorum.&#39;</strong></span> <span class='ocrx_word' id='word_1_381' title='bbox 2288 3566 2535 3629; x_wconf 82' lang='lat' dir='ltr'><strong>cirratas,</strong></span> <span class='ocrx_word' id='word_1_382' title='bbox 2553 3567 2712 3631; x_wconf 72' lang='lat' dir='ltr'><strong>&#39;capio</strong></span> 
     </span>
     <span class='ocr_line' id='line_1_39' title="bbox 506 3643 2710 3712; baseline 0.003 -19"><span class='ocrx_word' id='word_1_383' title='bbox 506 3643 788 3707; x_wconf 84' lang='lat' dir='ltr'><strong>innuptas:</strong></span> <span class='ocrx_word' id='word_1_384' title='bbox 824 3645 900 3693; x_wconf 87' lang='lat' dir='ltr'><strong>uti</strong></span> <span class='ocrx_word' id='word_1_385' title='bbox 939 3644 1150 3696; x_wconf 88' lang='lat' dir='ltr'><strong>Persius</strong></span> <span class='ocrx_word' id='word_1_386' title='bbox 1170 3646 1357 3696; x_wconf 81' lang='lat' dir='ltr'><strong>eodem</strong></span> <span class='ocrx_word' id='word_1_387' title='bbox 1395 3646 1627 3711; x_wconf 81' lang='lat' dir='ltr'><strong>epitheto</strong></span> <span class='ocrx_word' id='word_1_388' title='bbox 1663 3647 1729 3696; x_wconf 91' lang='lat' dir='ltr'><strong>de</strong></span> <span class='ocrx_word' id='word_1_389' title='bbox 1751 3648 1939 3712; x_wconf 85' lang='lat' dir='ltr'><strong>pueris,</strong></span> <span class='ocrx_word' id='word_1_390' title='bbox 1961 3648 1978 3676; x_wconf 87' lang='lat'>‘</span> <span class='ocrx_word' id='word_1_391' title='bbox 2003 3646 2134 3696; x_wconf 82' lang='lat' dir='ltr'><strong>Ten’</strong></span> <span class='ocrx_word' id='word_1_392' title='bbox 2171 3648 2476 3696; x_wconf 86' lang='lat' dir='ltr'><strong>cirratorum</strong></span> <span class='ocrx_word' id='word_1_393' title='bbox 2496 3656 2710 3699; x_wconf 73' lang='lat' dir='ltr'><strong>centum</strong></span> 
     </span>
     <span class='ocr_line' id='line_1_40' title="bbox 510 3721 2710 3793; baseline 0.002 -21"><span class='ocrx_word' id='word_1_394' title='bbox 510 3721 708 3773; x_wconf 86' lang='lat' dir='ltr'><strong>dictata</strong></span> <span class='ocrx_word' id='word_1_395' title='bbox 731 3722 923 3774; x_wconf 65' lang='lat' dir='ltr'><strong>fuisse!</strong></span> <span class='ocrx_word' id='word_1_396' title='bbox 958 3752 961 3753; x_wconf 26' lang='grc' dir='ltr'><em>ν</em></span> <span class='ocrx_word' id='word_1_397' title='bbox 990 3727 1184 3777; x_wconf 84' lang='lat' dir='ltr'><strong>Valerii</strong></span> <span class='ocrx_word' id='word_1_398' title='bbox 1207 3742 1332 3792; x_wconf 88' lang='lat' dir='ltr'><strong>ergo</strong></span> <span class='ocrx_word' id='word_1_399' title='bbox 1367 3741 1528 3793; x_wconf 88' lang='lat' dir='ltr'><strong>mens,</strong></span> <span class='ocrx_word' id='word_1_400' title='bbox 1550 3735 1744 3791; x_wconf 65' lang='lat' dir='ltr'><strong>prater</strong></span> <span class='ocrx_word' id='word_1_401' title='bbox 1764 3726 1980 3778; x_wconf 85' lang='lat' dir='ltr'><strong>crinium</strong></span> <span class='ocrx_word' id='word_1_402' title='bbox 1999 3727 2289 3792; x_wconf 83' lang='lat' dir='ltr'><strong>discrimen,</strong></span> <span class='ocrx_word' id='word_1_403' title='bbox 2309 3727 2566 3791; x_wconf 71' lang='lat' dir='ltr'><strong>adiectam</strong></span> <span class='ocrx_word' id='word_1_404' title='bbox 2605 3729 2710 3777; x_wconf 78' lang='lat' dir='ltr'><strong>iilis</strong></span> 
     </span>
     <span class='ocr_line' id='line_1_41' title="bbox 511 3804 2712 3874; baseline 0.001 -17"><span class='ocrx_word' id='word_1_405' title='bbox 511 3810 567 3857; x_wconf 84' lang='lat' dir='ltr'><strong>et</strong></span> <span class='ocrx_word' id='word_1_406' title='bbox 592 3804 806 3854; x_wconf 84' lang='lat' dir='ltr'><strong>alteram</strong></span> <span class='ocrx_word' id='word_1_407' title='bbox 826 3805 1027 3857; x_wconf 82' lang='lat' dir='ltr'><strong>vittam.</strong></span> <span class='ocrx_word' id='word_1_408' title='bbox 1096 3808 1180 3858; x_wconf 88' lang='lat' dir='ltr'><strong>De</strong></span> <span class='ocrx_word' id='word_1_409' title='bbox 1197 3822 1298 3874; x_wconf 87' lang='lat' dir='ltr'><strong>qna</strong></span> <span class='ocrx_word' id='word_1_410' title='bbox 1333 3809 1600 3873; x_wconf 86' lang='lat' dir='ltr'><strong>Capellam</strong></span> <span class='ocrx_word' id='word_1_411' title='bbox 1623 3810 1822 3874; x_wconf 85' lang='lat' dir='ltr'><strong>accipio</strong></span> <span class='ocrx_word' id='word_1_412' title='bbox 1843 3810 1933 3859; x_wconf 83' lang='lat' dir='ltr'><strong>lib.</strong></span> <span class='ocrx_word' id='word_1_413' title='bbox 1953 3823 1993 3859; x_wconf 89' lang='grc' dir='ltr'><strong>ι.</strong></span> <span class='ocrx_word' id='word_1_414' title='bbox 2014 3808 2082 3858; x_wconf 89' lang='lat' dir='ltr'><strong>de</strong></span> <span class='ocrx_word' id='word_1_415' title='bbox 2105 3813 2255 3872; x_wconf 87' lang='lat' dir='ltr'><strong>nupt.</strong></span> <span class='ocrx_word' id='word_1_416' title='bbox 2278 3807 2466 3859; x_wconf 81' lang='lat' dir='ltr'><strong>Philol.</strong></span> <span class='ocrx_word' id='word_1_417' title='bbox 2529 3808 2549 3837; x_wconf 85' lang='lat'>‘</span> <span class='ocrx_word' id='word_1_418' title='bbox 2567 3808 2712 3861; x_wconf 85' lang='lat' dir='ltr'><strong>Juno</strong></span> 
     </span>
     <span class='ocr_line' id='line_1_42' title="bbox 509 3874 2709 3951; baseline 0.003 -17"><span class='ocrx_word' id='word_1_419' title='bbox 509 3898 712 3951; x_wconf 88' lang='lat' dir='ltr'><strong>quoque</strong></span> <span class='ocrx_word' id='word_1_420' title='bbox 732 3899 801 3934; x_wconf 82' lang='lat' dir='ltr'><strong>ex</strong></span> <span class='ocrx_word' id='word_1_421' title='bbox 822 3886 1139 3950; x_wconf 85' lang='lat' dir='ltr'><strong>purgatioris</strong></span> <span class='ocrx_word' id='word_1_422' title='bbox 1161 3888 1269 3937; x_wconf 89' lang='lat' dir='ltr'><strong>auri</strong></span> <span class='ocrx_word' id='word_1_423' title='bbox 1292 3887 1600 3951; x_wconf 87' lang='lat' dir='ltr'><strong>splendente</strong></span> <span class='ocrx_word' id='word_1_424' title='bbox 1625 3903 1754 3938; x_wconf 79' lang='lat' dir='ltr'><strong>vena</strong></span> <span class='ocrx_word' id='word_1_425' title='bbox 1776 3874 2048 3939; x_wconf 74' lang='lat' dir='ltr'><strong>addiderat</strong></span> <span class='ocrx_word' id='word_1_426' title='bbox 2067 3888 2296 3939; x_wconf 83' lang='lat' dir='ltr'><strong>crinibus</strong></span> <span class='ocrx_word' id='word_1_427' title='bbox 2320 3888 2518 3939; x_wconf 85' lang='lat' dir='ltr'><strong>sociale</strong></span> <span class='ocrx_word' id='word_1_428' title='bbox 2531 3889 2709 3941; x_wconf 77' lang='lat' dir='ltr'><strong>viucu-</strong></span> 
     </span>
     <span class='ocr_line' id='line_1_43' title="bbox 508 3964 2708 4032; baseline 0.002 -18"><span class='ocrx_word' id='word_1_429' title='bbox 508 3964 651 4015; x_wconf 81' lang='lat' dir='ltr'><strong>ium.’</strong></span> <span class='ocrx_word' id='word_1_430' title='bbox 684 3965 930 4030; x_wconf 88' lang='lat' dir='ltr'><strong>Propert.</strong></span> <span class='ocrx_word' id='word_1_431' title='bbox 964 3967 980 3995; x_wconf 89' lang='lat'>‘</span> <span class='ocrx_word' id='word_1_432' title='bbox 1005 3966 1189 4017; x_wconf 83' lang='lat' dir='ltr'><strong>Vinxit</strong></span> <span class='ocrx_word' id='word_1_433' title='bbox 1208 3974 1264 4016; x_wconf 91' lang='lat' dir='ltr'><strong>et</strong></span> <span class='ocrx_word' id='word_1_434' title='bbox 1282 3976 1522 4032; x_wconf 84' lang='lat' dir='ltr'><strong>acceptas</strong></span> <span class='ocrx_word' id='word_1_435' title='bbox 1539 3969 1863 4019; x_wconf 78' lang='lat' dir='ltr'><strong>altera-vitta</strong></span> <span class='ocrx_word' id='word_1_436' title='bbox 1883 3982 2074 4018; x_wconf 82' lang='lat' dir='ltr'><strong>comas.</strong></span> <span class='ocrx_word' id='word_1_437' title='bbox 2076 3968 2091 3991; x_wconf 82' lang='lat'><strong><em>⁹</em></strong></span> <span class='ocrx_word' id='word_1_438' title='bbox 2134 3967 2237 4017; x_wconf 88' lang='lat' dir='ltr'><strong>Ubi</strong></span> <span class='ocrx_word' id='word_1_439' title='bbox 2261 3967 2364 4030; x_wconf 82' lang='lat' dir='ltr'><strong>legi</strong></span> <span class='ocrx_word' id='word_1_440' title='bbox 2384 3968 2436 4017; x_wconf 91' lang='lat' dir='ltr'><strong>iu</strong></span> <span class='ocrx_word' id='word_1_441' title='bbox 2457 3975 2563 4018; x_wconf 74' lang='lat' dir='ltr'><strong>vet.</strong></span> <span class='ocrx_word' id='word_1_442' title='bbox 2587 3970 2708 4020; x_wconf 90' lang='lat' dir='ltr'><strong>cod.</strong></span> 
     </span>
     <span class='ocr_line' id='line_1_44' title="bbox 501 4040 2708 4118; baseline 0.003 -24"><span class='ocrx_word' id='word_1_443' title='bbox 501 4058 745 4109; x_wconf 71' lang='lat' dir='ltr'><strong>aqursm;</strong></span> <span class='ocrx_word' id='word_1_444' title='bbox 777 4054 832 4096; x_wconf 89' lang='lat' dir='ltr'><strong>et</strong></span> <span class='ocrx_word' id='word_1_445' title='bbox 854 4048 1061 4112; x_wconf 86' lang='lat' dir='ltr'><strong>placet.</strong></span> <span class='ocrx_word' id='word_1_446' title='bbox 1098 4047 1367 4118; x_wconf 77' lang='lat' dir='ltr'><strong>referoque</strong></span> <span class='ocrx_word' id='word_1_447' title='bbox 1390 4050 1454 4099; x_wconf 88' lang='lat' dir='ltr'><strong>ad</strong></span> <span class='ocrx_word' id='word_1_448' title='bbox 1479 4040 1829 4116; x_wconf 79' lang='lat' dir='ltr'><strong>aspersionem</strong></span> <span class='ocrx_word' id='word_1_449' title='bbox 1852 4065 2003 4116; x_wconf 75' lang='lat' dir='ltr'><strong>aquae</strong></span> <span class='ocrx_word' id='word_1_450' title='bbox 2040 4048 2235 4113; x_wconf 82' lang='lat' dir='ltr'><strong>nuptiis</strong></span> <span class='ocrx_word' id='word_1_451' title='bbox 2274 4049 2554 4100; x_wconf 81' lang='lat' dir='ltr'><strong>solennem.</strong></span> <span class='ocrx_word' id='word_1_452' title='bbox 2616 4050 2708 4100; x_wconf 87' lang='lat' dir='ltr'><strong>De</strong></span> 
     </span>
     <span class='ocr_line' id='line_1_45' title="bbox 505 4125 2744 4247; baseline 0.003 -73"><span class='ocrx_word' id='word_1_453' title='bbox 505 4140 611 4191; x_wconf 84' lang='lat' dir='ltr'><strong>qua</strong></span> <span class='ocrx_word' id='word_1_454' title='bbox 630 4125 802 4175; x_wconf 87' lang='lat' dir='ltr'><strong>idem.</strong></span> <span class='ocrx_word' id='word_1_455' title='bbox 855 4127 963 4176; x_wconf 82' lang='lat' dir='ltr'><strong>‘Et</strong></span> <span class='ocrx_word' id='word_1_456' title='bbox 984 4128 1168 4193; x_wconf 78' lang='lat' dir='ltr'><strong>Stygio</strong></span> <span class='ocrx_word' id='word_1_457' title='bbox 1201 4143 1311 4179; x_wconf 87' lang='lat' dir='ltr'><strong>sum</strong></span> <span class='ocrx_word' id='word_1_458' title='bbox 1347 4143 1525 4193; x_wconf 83' lang='lat' dir='ltr'><strong>sparsa</strong></span> <span class='ocrx_word' id='word_1_459' title='bbox 1563 4132 1701 4247; x_wconf 84' lang='lat' dir='ltr'><strong>lacu,</strong></span> <span class='ocrx_word' id='word_1_460' title='bbox 1741 4144 1838 4181; x_wconf 88' lang='lat' dir='ltr'><strong>nec</strong></span> <span class='ocrx_word' id='word_1_461' title='bbox 1873 4136 2022 4180; x_wconf 89' lang='lat' dir='ltr'><strong>recta</strong></span> <span class='ocrx_word' id='word_1_462' title='bbox 2054 4127 2252 4245; x_wconf 82' lang='lat' dir='ltr'><strong>capillis</strong></span> <span class='ocrx_word' id='word_1_463' title='bbox 2272 4127 2420 4178; x_wconf 81' lang='lat' dir='ltr'><strong>Vitta</strong></span> <span class='ocrx_word' id='word_1_464' title='bbox 2439 4128 2744 4181; x_wconf 73' lang='lat' dir='ltr'><strong>dutaest.⁸</strong></span> 
     </span>
    </p>
   </div>
   <div class='ocr_carea' id='block_1_6' title="bbox 505 4206 1156 4261">
    <p class='ocr_par' dir='ltr' id='par_1_6' title="bbox 505 4206 1156 4261">
     <span class='ocr_line' id='line_1_46' title="bbox 505 4206 1156 4261; baseline 0.005 -2"><span class='ocrx_word' id='word_1_465' title='bbox 505 4206 611 4259; x_wconf 73' lang='lat' dir='ltr'><strong>Sed</strong></span> <span class='ocrx_word' id='word_1_466' title='bbox 635 4206 792 4257; x_wconf 87' lang='lat' dir='ltr'><strong>redeo</strong></span> <span class='ocrx_word' id='word_1_467' title='bbox 816 4208 880 4258; x_wconf 82' lang='lat' dir='ltr'><strong>ad</strong></span> <span class='ocrx_word' id='word_1_468' title='bbox 904 4216 1156 4261; x_wconf 83' lang='lat' dir='ltr'><strong>nostrum.</strong></span> 
     </span>
    </p>
   </div>
   <div class='ocr_carea' id='block_1_7' title="bbox 3002 1 3010 594">
    <p class='ocr_par' dir='ltr' id='par_1_7' title="bbox 3002 1 3010 594">
     <span class='ocr_line' id='line_1_47' title="bbox 3002 1 3010 594; baseline 0 0"><span class='ocrx_word' id='word_1_469' title='bbox 3002 1 3010 594; x_wconf 95' lang='lat' dir='ltr'><strong> </strong></span> 
     </span>
    </p>
   </div>
   <div class='ocr_carea' id='block_1_8' title="bbox 3001 1 3010 789">
    <p class='ocr_par' dir='ltr' id='par_1_8' title="bbox 3001 1 3010 789">
     <span class='ocr_line' id='line_1_48' title="bbox 3001 1 3010 789; baseline 0 0"><span class='ocrx_word' id='word_1_470' title='bbox 3001 1 3010 789; x_wconf 95' lang='lat' dir='ltr'><strong> </strong></span> 
     </span>
    </p>
   </div>
   <div class='ocr_carea' id='block_1_9' title="bbox 3002 1018 3009 1571">
    <p class='ocr_par' dir='ltr' id='par_1_9' title="bbox 3002 1018 3009 1571">
     <span class='ocr_line' id='line_1_49' title="bbox 3002 1018 3009 1571; baseline 0 0"><span class='ocrx_word' id='word_1_471' title='bbox 3002 1018 3009 1571; x_wconf 95' lang='lat' dir='ltr'><strong> </strong></span> 
     </span>
    </p>
   </div>
   <div class='ocr_carea' id='block_1_10' title="bbox 3002 3374 3009 4077">
    <p class='ocr_par' dir='ltr' id='par_1_10' title="bbox 3002 3374 3009 4077">
     <span class='ocr_line' id='line_1_50' title="bbox 3002 3374 3009 4077; baseline 0 0"><span class='ocrx_word' id='word_1_472' title='bbox 3002 3374 3009 4077; x_wconf 95' lang='lat' dir='ltr'><strong> </strong></span> 
     </span>
    </p>
   </div>
   <div class='ocr_carea' id='block_1_11' title="bbox 3002 4266 3009 4845">
    <p class='ocr_par' dir='ltr' id='par_1_11' title="bbox 3002 4266 3009 4845">
     <span class='ocr_line' id='line_1_51' title="bbox 3002 4266 3009 4845; baseline 0 0"><span class='ocrx_word' id='word_1_473' title='bbox 3002 4266 3009 4845; x_wconf 95' lang='lat' dir='ltr'><strong> </strong></span> 
     </span>
    </p>
   </div>
  </div>
 </body>
</html>
