3050 4867
596 374 771 441 4402

593 533 761 583 melius
779 531 937 582 aditus
954 529 1190 594 ortuque]
1220 529 1524 594 Prodigiose
1543 544 1654 579 cor·

594 615 779 672 ruptus
828 608 971 656 locus
1027 614 1124 656 est.
1208 607 1347 669 Lego
1401 606 1651 671 differunt.

593 685 719 746 ‚Eius
756 684 913 733 aditus
946 687 1213 747 portusque,
1236 684 1315 745 δῖε.
1383 684 1504 744 Εὶυ
1544 684 1654 734 scil.

594 760 772 809 insulae
799 759 1081 808 Hiberniae.
1133 758 1402 807 Rhenanus.
1472 761 1652 808 Dane—

594 835 702 885 sius
722 834 965 897 legebat:
1000 833 1129 883 haud
1148 838 1346 884 multum
1387 851 1417 883 a
1452 835 1654 884 Britan-

591 910 676 958 nia
697 909 888 973 differt.-
921 911 1020 972 (ias
1050 911 1228 973 aditus,
1268 915 1348 976 ξε.
1413 911 1652 962 Ursinus.

589 986 833 1034 Muretus
855 986 1085 1050 legebat,
1117 986 1346 1051 differunt
1383 986 1436 1035 in
1471 989 1653 1037 melius.

590 1062 769 1112 Aditus
819 1068 1100 1128 portumque.-
1145 1079 1299 1128 qnam
1345 1064 1652 1128 scripturam

593 1139 899 1201 amplectar,
922 1139 962 1187 si
997 1139 1271 1201 sententia,
1295 1153 1447 1203 qnam
1469 1139 1653 1202 gignit,

589 1228 732 1263 vera.
799 1215 999 1263 Dubito
1019 1216 1154 1264 enim
1188 1229 1252 1263 an
1279 1215 1524 1263 Hibernia
1556 1213 1654 1262 dif-

589 1285 729 1337 ferat
751 1289 803 1337 in
826 1289 1006 1338 melius
1024 1303 1054 1337 a
1074 1290 1362 1339 Britannia.
1429 1291 1652 1353 Propior

591 1376 703 1414 sum
724 1367 938 1415 credere
963 1366 1240 1429 diversum,
1255 1374 1309 1416 et
1331 1367 1508 1417 addita
1532 1383 1650 1431 par-

588 1441 750 1492 ticula
773 1449 995 1506 negante
1018 1442 1264 1505 scribere,
1288 1443 1414 1492 haud
1452 1447 1649 1493 maltum

588 1534 618 1566 a
658 1518 916 1569 Britannia
957 1519 1207 1584 differunt,
1247 1535 1330 1569 nec
1373 1521 1425 1569 in
1465 1522 1646 1570 melius.

589 1592 778 1643 Utrum
800 1596 969 1645 verius
1008 1597 1097 1657 sit,
1134 1596 1261 1645 illud
1287 1597 1489 1662 quidem
1525 1597 1647 1646 mihi

587 1676 805 1735 certum,
827 1688 1008 1722 vocem
1041 1674 1203 1722 melius
1225 1674 1645 1737 praeccdentibus

588 1746 683 1796 tali
726 1747 892 1812 aliqua
939 1749 1298 1799 emendatione
1348 1750 1647 1814 aptandam,

585 1833 688 1871 non
712 1836 830 1872 cum
851 1824 1200 1887 sequentibus,
1233 1831 1291 1874 ut
1314 1840 1447 1874 nunc
1471 1828 1646 1889 vulgo,

585 1898 1019 1961 conjungendam.
1119 1901 1255 1952 Nam
1311 1916 1406 1951 nec
1468 1917 1643 1951 sensus

588 1973 866 2037 quidquam
910 1975 1016 2023 illic
1064 1975 1127 2023 ab
1173 1990 1234 2024 ea
1292 1978 1536 2040 juvatur:
1591 1985 1645 2025 et

586 2049 904 2097 concinnitas
939 2056 1211 2098 attactui-a²
1236 2051 1410 2099 nescio
1437 2066 1644 2115 quomo-

585 2120 654 2170 do
690 2123 912 2174 laeditur.
979 2124 1090 2173 Nisi
1116 2127 1230 2190 quis
1252 2124 1390 2176 forte
1424 2135 1643 2189 mutare,

584 2210 706 2246 sane
731 2212 829 2248 non
866 2199 1207 2265 incommode,
1232 2202 1304 2251 ita
1329 2204 1503 2252 malit:
1543 2205 1644 2252 Mi-

583 2273 748 2323 litibus
762 2275 923 2324 aditus
939 2282 1191 2339 portusque
1221 2294 1308 2341 per
1327 2295 1442 2328 com.
1466 2284 1511 2329 et
1532 2295 1640 2341 aeg.

584 2350 783 2411 cogniti.
801 2350 1028 2412 Agricola
1044 2356 1303 2415 expulsum,
1318 2358 1400 2417 ⁸5⁶·
1455 2355 1610 2406 Acid.

648 2426 783 2476 CAP.
813 2430 896 2476 25.
932 2428 1115 2489 Infesta
1147 2429 1306 2479 hostili
1328 2433 1538 2480 exercitu
1559 2432 1642 2481 iti·

582 2514 697 2549 nera
729 2502 1036 2566 timebantur]
1089 2505 1155 2554 V.
1179 2521 1226 2555 c.
1251 2507 1430 2568 habet,
1459 2508 1643 2556 hostilis

581 2578 848 2627 exereitus.-
879 2585 934 2628 et
957 2582 1130 2644 paullo
1155 2590 1306 2645 post3
1342 2584 1642 2633 Caledoniam

578 2652 832 2703 incolentes
856 2658 1035 2720 populi.
1100 2659 1336 2709 Ursinus.

651 2726 828 2778 Portus
873 2732 1018 2779 classe
1068 2731 1352 2795 exploravit]
1438 2732 1641 2797 Opinor

580 2803 930 2869 scribendum,
975 2808 1112 2869 prius
1164 2810 1308 2857 classe
1356 2811 1637 2872 exploravit.

578 2880 706 2930 Mox
723 2883 924 2932 mallem
945 2884 1136 2946 legere,
1160 2884 1497 2949 impelleretur.-
1521 2901 1637 2935 nam

577 2958 826 3021 sequitur,
863 2960 1131 3010 attollerent
1158 2965 1207 3009 et
1241 2969 1637 3026 compararentur.

582 3033 879 3085 Rhenanus.

644 3113 823 3162 Portus
842 3115 985 3162 classe
1004 3115 1291 3179 exploravit]
1336 3117 1406 3165 Et
1427 3116 1522 3165 hoc
1547 3116 1637 3165 im·

575 3189 840 3252 peratorio
873 3188 1039 3239 officio
1081 3190 1482 3240 convenienter:
1519 3207 1637 3241 nam

576 3263 810 3328 proelium
837 3267 1019 3315 navale
1040 3273 1278 3329 gesturus
1318 3267 1514 3332 (verbis
1535 3268 1636 3317 Ve-

578 3336 730 3402 getii)
773 3341 1198 3390 consuetudinem
1224 3343 1394 3406 pelagi
1421 3345 1502 3393 vel
1536 3344 1635 3395 loci

576 3419 699 3462 ante
739 3427 1067 3476 congressum
1107 3415 1268 3464 debet
1304 3431 1635 3481 cognoscere.

575 3487 754 3536 Caesar
790 3487 881 3538 lib.
906 3503 982 3538 rr.
1007 3491 1071 3539 de
1092 3490 1217 3541 bell.
1239 3490 1377 3541 Gall.
1399 3506 1515 3556 cap.
1554 3497 1638 3546 2⁰.

580 3560 876 3624 Virdungns.
1556 3562 1560 3566 Α

641 3638 777 3689 Hine
811 3644 977 3689 auctus
1009 3641 1245 3706 Oceanus]
1277 3641 1633 3694 Pulcherrime

573 3713 801 3779 Lipsius,
820 3716 987 3766 uictus.
1054 3716 1240 3783 Inepte
1266 3718 1435 3783 vulgo,
1453 3723 1633 3769 auctus.

572 3788 825 3842 Pichena.

637 3869 856 3920 Militari
874 3868 1140 3934 jactantia]
1190 3870 1389 3936 Vulgus
1411 3871 1634 3922 militum

562 3945 959 4010 jactabundum.
994 3947 1134 3996 Hinc
1155 3947 1298 4011 larga
1319 3948 1451 3998 risus
1472 3955 1633 4000 mate·

568 4023 653 4072 ria
674 4024 916 4075 Comicis.
984 4024 1269 4086 Viromagus.

641 4100 964 4164 Caledoniam]
1051 4098 1369 4150 Ptolemoeus
1422 4101 1630 4152 Britan-

569 4171 709 4223 niam
746 4175 800 4225 in
823 4176 1054 4237 Magnam
1090 4181 1145 4226 et
1183 4177 1391 4226 Paroam
1412 4176 1628 4241 dividit3

570 4250 806 4311 Magnam
830 4267 1015 4303 vocans
1037 4252 1333 4304 citeriorem
1372 4253 1437 4302 ad
1478 4253 1627 4303 meri-

567 4323 739 4389 diem3
772 4326 981 4379 Pernam
1002 4327 1299 4381 ulteriorem
1329 4329 1395 4379 ad
1417 4334 1628 4395 septen·

1300 386 1516 436 norm
1566 384 1971 457 namium
2020 382 2099 433 m

1727 529 1982 578 trionem:
2019 528 2163 592 quus
2194 526 2378 577 incolae
2415 526 2470 575 in
2484 524 2713 589 Majatns
2734 532 2790 577 et

1730 605 2036 654 Caledonios
2072 603 2308 653 distincti
2330 609 2497 665 erant,
2534 603 2588 652 id
2613 611 2715 663 est,
2735 606 2787 652 in

1726 688 2045 745 campestres
2098 688 2153 730 et
2208 687 2494 729 montanos.
2580 679 2785 729 Ortetio

1726 756 2140 819 Caledoniorum,
2187 755 2317 805 &cf
2383 755 2536 803 Iden.

1827 833 2133 896 oppugnasse
2186 834 2311 880 suro
2364 831 2557 880 castella
2606 830 2783 893 adorti]

1724 906 1922 970 Malim,
1941 923 2228 972 oppugnare.
2262 908 2495 957 Rhenan.
2552 907 2621 956 V.
2644 907 2789 957 αλι-

1725 982 1834 1047 bet,
1843 999 2111 1047 oppugnare
2123 986 2250 1033 ultro
2261 985 2496 1033 manaan
2506 984 2680 1033 adorsi.
2693 985 2790 1032 Ur-

1725 1059 1877 1109 sinus.
1894 1059 2094 1122 Lipsius
2111 1060 2234 1109 olim
2251 1058 2609 1123 suspicabatur
2622 1060 2791 1123 legen-

1727 1133 1866 1195 dum,
1882 1135 2683 1200 oppugantes‚vel,oppug·naoere:
2704 1150 2789 1185 no-

1725 1210 1931 1259 vissime
1949 1225 2063 1260 cum
2084 1211 2348 1275 Rhenano,
2362 1226 2648 1275 oppugnas-e.
2678 1213 2786 1275 Ego

1725 1286 1822 1335 etsi
1841 1286 1907 1335 de
1923 1287 2223 1337 sinceritate
2245 1286 2349 1337 loci
2366 1287 2573 1352 dubito,
2591 1295 2784 1338 utcum-

1724 1376 1822 1426 que
1836 1368 2009 1412 tamen
2022 1365 2283 1429 vulgatam
2296 1365 2573 1415 lectionem
2582 1363 2788 1413 defendi

1724 1454 1872 1503 posse
1887 1441 2125 1504 arbitror,
2137 1442 2179 1490 si
2197 1442 2547 1506 intelligamus
2559 1443 2785 1506 verbnm,

1720 1530 2025 1579 oppugnasse,
2062 1516 2174 1580 regi
2210 1532 2241 1565 a
2278 1532 2407 1568 voce
2435 1519 2603 1578 fama.-
2637 1522 2783 1584 quasi

1722 1596 1874 1639 anneta
1886 1588 2047 1640 fuerit
2060 1590 2197 1640 fama
2217 1606 2282 1640 ex
2297 1607 2380 1656 eo,
2392 1594 2529 1657 quod
2547 1594 2783 1643 Britanni

1722 1666 1857 1714 ultro
1921 1674 2308 1730 oppugnassent
2373 1669 2659 1729 Romanos;
2727 1676 2782 1718 et

1719 1739 1836 1788 ideo
1889 1741 2292 1804 distinguerem:
2375 1748 2550 1805 pen-m
2610 1756 2780 1806 stagno

1720 1818 1929 1879 (mnjore
1962 1817 2120 1879 sama,
2156 1818 2229 1867 uti
2250 1832 2351 1867 mos
2388 1823 2457 1867 est
2492 1820 2553 1867 de
2588 1820 2786 1883 ἰςποὲίε,

1718 1907 2005 1954 oppugnasse
2026 1894 2186 1957 ultro)
2211 1895 2403 1942 castella
2438 1895 2615 1944 adorti.
2677 1895 2782 1943 Sed

1719 1968 1894 2017 durior
1936 1984 2115 2017 sensus
2163 1977 2217 2017 et
2257 1970 2595 2032 constructio,
2634 1984 2783 2034 quam

1718 2052 1778 2093 ut
1820 2045 1945 2094 mihi
1990 2045 2299 2095 satisfaciat.
2364 2046 2589 2095 Picum.
2670 2046 2777 2096 Hic

1718 2125 1888 2168 tecum
1913 2136 2013 2169 non
2040 2120 2194 2183 facio,
2228 2122 2521 2171 doctissime
2540 2122 2638 2181 vir,
2660 2123 2783 2172 lieet

1717 2198 1843 2246 alias
1867 2205 1919 2247 te
1943 2198 1995 2247 in
2012 2198 2173 2247 oculis
2203 2195 2387 2247 feram.
2456 2199 2782 2260 oppugnasse,

1715 2274 1847 2335 loco,
1889 2289 2169 2337 oppugnare.
2234 2274 2459 2335 Tempus
2516 2289 2610 2336 pro
2657 2282 2783 2323 tem·

1717 2363 1858 2412 pore.
1925 2349 2229 2401 Quintilian.
2253 2363 2332 2398 rx.
2355 2353 2403 2399 3.
2422 2350 2437 2377 ‘
2462 2349 2781 2400 transferun-

1717 2430 1803 2472 tur
1826 2424 1962 2472 enim
1988 2430 2244 2488 tempora,
2268 2426 2367 2474 ἀς.
2429 2424 2781 2475 Timarchides

1716 2510 1875 2566 negat
1914 2519 2026 2553 esse
2067 2505 2114 2553 ei
2161 2505 2451 2568 periculum
2492 2520 2523 2553 a
2560 2505 2781 2554 securiz’

1713 2594 1809 2629 esse
1834 2581 1945 2637 vice
1962 2580 2141 2639 suisset
2176 2580 2444 2646 additque,
2467 2581 2481 2608 ‘
2507 2588 2561 2629 at
2585 2595 2650 2630 ne
2674 2597 2779 2631 mo-

1714 2668 1820 2716 rer,
1837 2670 1930 2719 per
1947 2656 2117 2705 omnia
2140 2655 2200 2704 fit
2226 2670 2435 2718 genera,
2459 2671 2556 2718 per
2577 2671 2690 2721 qnae
2714 2656 2777 2707 fit

1713 2732 2068 2783 soloecismus.’
2143 2733 2294 2784 Quod
2339 2748 2370 2781 a
2414 2733 2665 2796 Dionysio
2706 2734 2773 2783 ad

1712 2804 1879 2855 Amm.
1904 2806 2116 2870 dicitur,
2136 2805 2303 2868 φράσις
2338 2807 2624 2865 ἐκβεβηκυῖα
2653 2809 2778 2870 παρὰ

1708 2881 1820 2932 τοὺς
1865 2881 2059 2946 χρόνους
2100 2886 2195 2931 τῶν
2239 2883 2474 2950 ῥημάτων,
2508 2886 2543 2934 ἰ.
2593 2887 2777 2949 phrasis

1709 2973 1897 3020 egressa
1938 2964 2148 3023 tempora
2186 2961 2446 3010 verborum.
2530 2961 2648 3011 Nec
2690 2962 2776 3011 hic

1710 3035 1863 3084 modo
1885 3034 2153 3084 Cornelius
2177 3037 2288 3087 baec
2311 3052 2460 3087 ausus
2484 3043 2597 3086 est:
2620 3038 2637 3066 ‘
2656 3040 2777 3089 Non

1711 3117 1883 3160 tamen
1925 3111 2139 3175 pigebit,
2161 3114 2245 3162 vel
2274 3113 2541 3163 incondita
2574 3128 2637 3164 ac
2660 3115 2778 3164 rudi

1708 3200 1858 3249 voce,
1901 3188 2197 3237 memoriam
2243 3189 2426 3253 prioris
2470 3191 2778 3252 senectutis,

1714 3275 1776 3309 ac
1801 3263 2150 3313 testimonium
2166 3265 2497 3328 praesentinm
2521 3266 2775 3316 bonorum

1710 3339 2059 3402 composuisse
2079 3338 2114 3389 ε’
2164 3354 2260 3390 nec
2302 3341 2499 3405 primus
2536 3343 2775 3406 protulit.

1710 3414 1885 3464 Plaut.
1924 3413 2071 3463 Poen.
2094 3416 2111 3443 ‘
2136 3415 2318 3466 Nolito
2364 3416 2568 3481 aedepol
2615 3418 2781 3467 divel-

1707 3488 1831 3538 lisse
1853 3488 2087 3554 (pinnas)
2122 3491 2235 3554 jam
2271 3491 2475 3542 duobus
2515 3493 2779 3543 mensibus

1708 3569 1959 3618 Volucres
1983 3569 2079 3618 tibi
2104 3575 2256 3618 erunt
2274 3570 2524 3621 hircinae!
2568 3571 2779 3622 Quibus

1708 3644 1762 3693 in
1791 3645 1919 3694 locis
1945 3644 2068 3693 satis
2089 3650 2271 3707 aperte
2292 3647 2601 3710 compositione
2621 3653 2677 3696 et
2698 3648 2777 3696 di-

1706 3719 1888 3768 velli-sse
1915 3718 2148 3782 ejusdem
2172 3726 2293 3770 sunt
2316 3727 2453 3771 notae
2479 3723 2628 3786 cujus
2650 3739 2779 3773 oon·

1701 3808 1874 3858 ponere
1910 3800 1965 3843 et
1986 3794 2221 3847 diuellere.
2284 3797 2582 3849 Salinerius.
2652 3799 2775 3849 Nec

1708 3869 1838 3919 dura
1858 3868 2130 3934 παραθέσει
2150 3878 2204 3921 et
2226 3873 2615 3923 constructione
2639 3888 2775 3937 opus

1708 3953 1790 3997 est
1832 3961 1928 3997 nec
1966 3947 2253 3997 mutatione
2293 3954 2599 4012 temporum.
2663 3947 2775 3999 Sed

1706 4022 1995 4074 rectissime
2017 4022 2271 4087 Pichena,
2293 4024 2423 4077 &cf
2491 4018 2702 4078 Gronau.

1771 4100 1960 4149 Metam
1979 4105 2034 4149 ut
2061 4100 2387 4165 provocantes]
2439 4101 2772 4152 Multnmin-

1705 4180 1869 4226 terest
1922 4175 2023 4242 (ait
2066 4176 2239 4240 Scipio
2283 4178 2419 4242 apud
2467 4176 2673 4227 Livium
2729 4180 2774 4229 Ι.

1704 4252 1933 4320 xxvm.)
1968 4254 2159 4304 alienos
2193 4257 2495 4321 populorum
2531 4255 2662 4307 fines
2693 4271 2767 4307 an

1701 4334 1818 4384 tuos
1860 4331 1943 4386 uri
1994 4331 2332 4399 exscindique
2372 4332 2569 4386 videas.
2633 4333 2772 4386 Plus
