3050 4867
604 340 784 409 4480
1323 354 1383 403 s.
1430 353 1658 403 hiesu
1709 352 2104 405 ssxcuusus

604 498 1483 566 pmentmmubmmneuoit,
1512 498 1693 561 fiske,
1723 503 1864 548 antea
1899 497 2086 562 quiden
2115 498 2469 562 pei-Senatu,
2505 513 2634 550 nnnc
2665 502 2827 550 ante‘-

606 580 1451 649 paePv-ineipm,jmgntisscatur
1468 584 1724 636 aeternnm·
1754 578 1828 627 ite
1847 583 1903 628 at
1923 578 2829 643 aeqnepoens‘sorbitdisobnooeiin'ae,

610 670 659 713 et
679 663 876 726 praentiu
896 663 1053 711 omia
1071 663 1394 711 numantinis
1411 660 1667 710 amram
1686 664 2045 723 consequantur,
2056 659 2221 724 paucis
2239 662 2406 710 ultan
2422 662 2656 724 exceptis.
2724 660 2824 710 ΠΗ

615 743 763 794 vides
784 749 840 793 et
861 741 1062 791 feminis
1086 730 1434 791 tribui'solere
1458 740 1511 789 id
1537 738 1842 790 beneficium
1863 756 1875 787 z
1908 740 2044 805 qnod
2080 741 2248 803 primo
2270 747 2329 790 et
2361 755 2428 790 ex
2463 741 2581 804 lege
2603 741 2766 804 Julia,
2793 754 2824 790 a

611 824 809 876 Senatu
844 822 1154 887 petebatur;
1192 829 1377 885 postea
1412 837 1445 871 a
1483 821 1761 883 Principe:
1797 835 2102 885 quamquam
2142 835 2205 870 ea
2226 821 2387 871 verba
2428 834 2733 886 perperam,
2774 822 2824 871 ia

611 905 767 967 longe
792 903 942 952 aliam
964 902 1278 951 sententiam
1300 900 1519 951 abduxit
1542 900 1820 964 interpres.
1887 900 2200 950 Plutarchus
2229 900 2298 949 de
2322 901 2624 950 Vestalibus
2654 910 2827 964 notat,

615 1000 703 1036 eas
724 984 836 1034 sine
860 989 1037 1033 tutore
1058 988 1150 1032 aut
1171 988 1410 1032 curatore
1433 996 1516 1030 res
1540 994 1658 1029 suas
1681 979 2079 1040 administrasse,
2101 980 2275 1044 ὅσπρ,
2293 981 2482 1045 inquit,
2499 982 2553 1029 αἱ
2571 980 2828 1045 τρίπαιδας.

610 1064 690 1117 At
712 1065 852 1131 quod
893 1064 948 1113 id
987 1063 1127 1113 solus
1162 1063 1418 1127 Princeps
1457 1061 1664 1112 dederit
1679 1078 1695 1109 ι
1727 1061 1870 1111 clare
1912 1062 2199 1111 Martialis:
2232 1064 2246 1087 ‘
2274 1062 2530 1111 Natorum
2575 1063 2708 1112 mihi
2739 1064 2825 1127 jas

616 1144 771 1195 trium
795 1142 1004 1208 roganti
1027 1143 1294 1193 Musarum
1333 1142 1560 1205 pretium
1583 1140 1731 1191 dedit
1763 1155 1992 1191 mearum
2028 1141 2179 1191 Solus
2217 1141 2305 1206 qui
2343 1148 2554 1206 poterat
2570 1159 2587 1190 z
2625 1143 2826 1193 valebis

614 1240 745 1275 uxor
766 1244 781 1286 ;
830 1223 948 1274 Non
970 1222 1131 1272 debet
1147 1221 1341 1271 domini
1365 1222 1537 1285 perire
1558 1222 1781 1272 munus.'
1847 1222 1966 1271 Hoc
1990 1223 2148 1283 idem,
2160 1223 2248 1286 jus
2264 1230 2537 1286 parentum
2553 1223 2826 1274 Juvenum

618 1307 881 1372 appellat:
915 1305 932 1332 ‘
951 1304 1084 1356 Jura
1109 1303 1342 1367 parentis
1362 1302 1541 1365 habes,
1563 1309 1781 1368 propter
1803 1317 1885 1353 me
1908 1304 2149 1355 scriberis
2170 1305 2320 1354 heres
2335 1303 2370 1353 ε’
2404 1310 2462 1354 et
2493 1304 2713 1354 Tacitus
2745 1305 2830 1354 hic

619 1388 894 1455 privilegia
916 1392 1208 1450 parentum.
1273 1381 1383 1435 Alii
1405 1384 1714 1448 simpliciter
1737 1385 1915 1446 etiam,
1948 1384 2048 1434 Jus
2084 1384 2386 1434 liberorum.
2434 1384 2501 1433 In
2521 1383 2828 1449 fragment·

606 1470 740 1535 juris
758 1468 967 1528 veteris,
991 1465 1128 1529 quod
1152 1465 1417 1528 evulgavit
1449 1463 1778 1514 doctissimus
1801 1465 2063 1514 Pithoeus:
2100 1468 2114 1493 ‘
2138 1464 2333 1513 Mulier
2361 1463 2470 1513 sine
2502 1465 2828 1514 auctoritate

618 1548 808 1601 tutoris
832 1545 1196 1596 manumittere
1220 1550 1414 1608 potest,
1437 1544 1479 1593 si
1493 1543 1585 1606 jus
1605 1544 1801 1594 habeat
1825 1543 2140 1594 liberorum.'
2204 1546 2275 1595 Et
2296 1544 2493 1594 Paulus
2515 1544 2552 1593 l.
2579 1556 2657 1594 nr.
2699 1545 2830 1594 Sea·

617 1636 752 1681 tent.
774 1627 839 1677 ad
864 1627 946 1675 Sc.
964 1624 1353 1686 Tertullianum,
1368 1624 1485 1687 pius
1509 1624 1686 1673 semel.
1749 1625 1784 1675 J
1791 1638 1850 1673 us
1871 1623 2152 1674 liberorum
2176 1631 2348 1674 tamen
2371 1624 2581 1689 propria
2603 1625 2829 1689 quadan

618 1719 674 1762 et
709 1710 812 1761 alia
856 1704 1231 1771 significatione
1253 1705 1372 1769 capi
1412 1702 1465 1753 in
1487 1705 1702 1769 Ulpiani
1727 1706 1929 1769 Fragm.
1974 1706 2114 1755 titul.
2137 1719 2252 1756 xvi.
2285 1714 2343 1757 et
2386 1707 2421 1762 Ι,
2444 1721 2519 1756 lc.
2585 1707 2669 1756 De
2709 1707 2830 1770 jure

616 1792 767 1843 liber.
800 1802 902 1839 non
928 1800 1077 1848 vane,
1100 1791 1248 1835 notat
1271 1786 1437 1835 nostri
1471 1786 2003 1837 sevi-Iurisconsultus
2037 1788 2103 1836 ad
2138 1788 2450 1851 Fragmenta
2485 1801 2548 1836 ea
2588 1787 2739 1851 ipsa:
2775 1793 2830 1837 et

617 1872 809 1924 nodum
831 1881 984 1934 quem
1005 1867 1277 1916 Duarenus
1299 1865 1555 1930 ligaverat
1576 1882 1616 1916 ι.
1641 1867 1850 1931 Disput.
1875 1882 1920 1917 c.
1936 1872 2018 1919 40.
2043 1868 2199 1919 docte
2222 1869 2394 1919 solvit.
2456 1867 2634 1918 Jubeo
2657 1869 2830 1918 lucem

616 1954 740 2005 huic
764 1950 840 2001 rei
863 1946 1083 1998 mutuari
1106 1952 1160 1995 te
1181 1946 1245 1995 ab
1287 1946 1376 1995 illo
1397 1947 1538 2008 Sole,
1558 1947 1610 1996 in
1632 1961 1789 2010 eapse
1813 1948 2138 2011 Fragmenta.
2199 1948 2304 1998 Sed
2339 1954 2394 1997 et
2414 1953 2667 2013 quattuor
2701 1948 2832 1999 libe·

617 2047 790 2086 rorum
802 2031 888 2095 jus
911 2026 1046 2077 fuit:
1084 2025 1222 2091 quod
1246 2026 1501 2090 pertinuit
1520 2026 1644 2091 (nisi
1676 2027 1729 2077 in
1754 2027 1921 2078 aliena
1957 2028 2168 2091 regione
2190 2026 2401 2091 aberro)
2433 2027 2501 2076 ad
2538 2028 2834 2089 libertinas,

619 2128 726 2164 non
762 2113 1040 2174 ingenuas:
1073 2114 1216 2156 certe
1256 2107 1333 2157 ita
1367 2107 1637 2171 distinguit
1670 2108 1772 2158 SC.
1795 2108 2276 2173 Tertullianum„de
2310 2123 2414 2174 quo
2433 2107 2556 2157 vide
2579 2109 2830 2159 Paullu-

620 2196 657 2244 l.
681 2206 758 2242 iv.
786 2191 869 2240 tit.
892 2193 943 2239 9.
1007 2186 1163 2240 Quod
1188 2193 1361 2237 tamen
1382 2189 1472 2252 jus
1494 2189 1747 2239 vetustius
1764 2196 1846 2239 est
1868 2188 1957 2238 illo
1977 2190 2076 2239 SC.
2093 2197 2150 2239 et
2171 2189 2364 2241 mentio
2379 2191 2494 2254 ejus
2516 2190 2571 2238 in
2586 2189 2834 2239 Suetonii

623 2270 840 2325 Claudio
862 2284 908 2320 c.
927 2273 1010 2318 19.
1044 2266 1132 2316 ubi
1156 2266 1414 2331 Princeps
1438 2270 1453 2296 ‘
1478 2268 1723 2318 Feminis’
1743 2271 1888 2334 <quas
1913 2283 2072 2318 naves
2095 2270 2294 2321 scilicet
2315 2277 2630 2319 mercatui-ve
2653 2282 2840 2319 mussa

620 2348 997 2413 fabricarent)‘
1013 2349 1104 2412 jus
1129 2348 1317 2398 tribuit
1339 2355 1585 2413 quattuor
1602 2348 1922 2399 liberorum.’
1986 2350 2069 2399 De
2092 2349 2334 2415 praemiis,
2355 2351 2477 2401 ista.

686 2437 879 2487 CAPUT
900 2432 965 2482 de
990 2430 1156 2495 poenis
1176 2429 1452 2495 multisque
1474 2430 1714 2480 caelibum
1738 2436 1795 2479 et
1814 2431 2075 2480 orborum.
2142 2432 2275 2483 Quae
2297 2431 2452 2480 etiam
2473 2432 2526 2480 in
2546 2432 2668 2497 lege
2685 2431 2837 2484 Julit

618 2515 864 2566 fueraut:
903 2512 994 2563 sed
1032 2509 1320 2575 Augustus,
1357 2518 1416 2560 ut
1454 2510 1568 2574 ipse
1605 2510 1742 2574 apud
1781 2511 2004 2561 Dionem
2040 2509 2259 2573 fatetur,
2296 2512 2523 2561 intendit
2555 2514 2835 2578 auxitque.

617 2594 789 2647 Poena
811 2593 976 2658 prima
997 2599 1055 2643 et
1078 2592 1322 2655 maxima,
1361 2592 1453 2641 Uti
1497 2592 1708 2642 caelibes
1727 2606 1796 2641 ex
1836 2594 2160 2642 testamentis
2197 2593 2320 2642 nihil
2358 2600 2632 2657 caperent,
2668 2596 2775 2643 nisi
2804 2607 2837 2643 a

622 2673 857 2740 proxime
883 2672 1184 2735 junctorum
1205 2689 1219 2721 ε
1253 2671 1383 2734 orbi,
1400 2686 1502 2721 non
1543 2671 1640 2720 nisi
1676 2670 1961 2723 dimidium.
2026 2674 2218 2722 Melior
2245 2688 2369 2738 ergo
2405 2674 2643 2724 conditio
2679 2674 2838 2724 orbo-

621 2769 765 2805 rum:
801 2759 857 2803 ct
881 2752 1022 2815 jure,
1042 2752 1163 2816 quia
1183 2752 1356 2801 mariti
1381 2752 1583 2802 saltem.
1645 2751 1956 2801 Sozomeuus
1988 2753 2020 2801 l.
2043 2766 2084 2802 ι.
2121 2754 2322 2803 Eccles-
2342 2753 2520 2803 histor.
2543 2753 2838 2803 discrimen

620 2834 721 2884 hoc
741 2833 873 2883 bene
894 2838 1075 2881 notat:
1115 2830 1272 2891 Νόμος
1294 2829 1353 2889 ἦν
1372 2829 1610 2892 Ῥωμαίοις
1637 2829 1855 2894 παλαιὸς,
1875 2830 1968 2879 ἀπὸ
1990 2831 2138 2881 εἴκοσι
2164 2829 2246 2880 καὶ
2271 2830 2415 2881 πέντε
2450 2833 2570 2880 &diu
2590 2836 2690 2881 τᾶν
2719 2835 2839 2882 {nu

620 2914 854 2978 ἀξιοῦσθαι
875 2910 1068 2962 κωλύων
1086 2910 1198 2961 τοὺς
1228 2910 1438 2975 ἀγάμους
1457 2914 1558 2961 τοῖς
1577 2912 1643 2973 μὴ
1660 2910 1906 2974 τοιούτοις,
1926 2912 2030 2975 περὶ
2052 2912 2184 2961 ἄλλα
2202 2931 2259 2962 τε
2279 2913 2459 2974 πολλὰ,
2489 2913 2567 2961 καὶ
2605 2912 2667 2963 τὺ
2686 2914 2841 2973 μηδὲν

622 2994 875 3061 ρεερδαίνειν
893 2995 946 3043 ἐκ
967 2992 1187 3053 διαθήκης
1200 2992 1312 3044 τοὺς
1324 2994 1392 3056 μὴ
1409 2992 1539 3056 γένει
1561 2990 1811 3055 ἑγγυτάτῳ
1828 2992 2165 3057 προσήκοντας·
2198 2992 2309 3044 τοὺς
2322 2992 2374 3043 δὲ
2395 2992 2614 3055 ἄπαιδας,
2655 2994 2866 3057 m*

620 3075 680 3124 τὸ
701 3076 844 3137 ἥμισυ
861 3077 957 3124 τᾶν
988 3073 1444 3135 καταλελειμμένων.

689 3157 911 3207 Caelibes
933 3171 1060 3220 ergo
1082 3156 1207 3206 nihil
1230 3156 1479 3220 capiunt:
1512 3156 1646 3205 adeo
1667 3161 1725 3205 nt
1745 3156 2012 3220 scripserit
2029 3156 2301 3220 Ulpianus,
2332 3157 2349 3184 ‘
2375 3155 2561 3206 Catthi
2586 3157 2841 3208 relictu-

622 3240 850 3303 legatum
875 3236 1127 3288 caducum
1141 3236 1275 3299 fieri,
1297 3237 1394 3285 nisi
1416 3236 1519 3300 legi
1537 3236 1676 3286 intra
1695 3245 1908 3287 centum
1930 3237 2041 3288 dies
2063 3235 2330 3301 paruerit.’
2395 3237 2466 3286 Et
2503 3239 2751 3301 respexit
2773 3237 2840 3287 ad

502 3316 513 3321 ’
620 3320 718 3369 has
754 3333 931 3383 poenas
949 3316 1286 3379 Plutarchus,
1323 3318 1497 3368 libello
1533 3317 1638 3381 περὶ
1659 3319 2011 3381 φιλοστοργίας.
2074 3316 2306 3379 Ῥωμαία
2323 3316 2844 3383 πολλοὶ,ἰηιῃίι,·μ-

622 3400 762 3460 μοῦσι
775 3398 853 3448 καὶ
872 3401 1117 3461 miv,
1134 3397 1241 3460 οὐχ’
1259 3398 1340 3447 ἵνα
1359 3396 1675 3462 κληρονόμους
1703 3398 1892 3464 ἔχωσιν,
1910 3400 2022 3449 ἀλλ’
2039 3399 2120 3449 ἵνα
2141 3401 2445 3462 κληρονομεῖν
2464 3397 2694 3448 δύνωνται
2714 3419 2732 3451 :
2783 3400 2842 3450 id

624 3486 726 3542 est,
758 3480 1078 3529 Βοηιοιιοτιιηι
1093 3479 1306 3542 plerique
1320 3494 1490 3528 uxores
1517 3481 1689 3529 ducunt
1711 3485 1759 3530 et
1780 3481 1947 3529 liberos
1963 3484 2144 3539 serant,
2179 3494 2272 3529 m
2310 3484 2365 3528 ut
2396 3479 2591 3528 heredes
2611 3478 2844 3542 habea-t,

621 3562 704 3609 sed
742 3565 795 3608 ut
830 3560 1021 3608 heredes
1044 3561 1137 3623 ipsi
1159 3575 1254 3610 esse
1289 3560 1483 3622 possint.
1549 3561 1666 3610 Nec
1688 3572 1817 3611 vanc
1854 3561 2076 3627 imputat
2113 3561 2318 3610 adulter
2353 3558 2491 3624 apud
2530 3559 2842 3624 Satyrico-

622 3640 838 3690 marito:
875 3642 891 3667 ⁴
917 3615 1131 3704 pro⁶pter
1154 3656 1235 3690 me
1257 3641 1499 3691 scriberis
1518 3641 1693 3705 heres,
1728 3643 1988 3706 Legatum
2011 3656 2162 3692 omne
2182 3642 2348 3705 capis,
2366 3622 2570 3690 necnon
2595 3652 2656 3691 et
2678 3642 2842 3693 dulce

623 3718 910 3769 caducum!
972 3720 1324 3770 Tertullianus
1368 3719 1435 3770 de
1473 3721 1830 3785 Monogamia:
1863 3724 1879 3751 ‘
1903 3723 2061 3773 Aliud
2105 3729 2186 3773 est
2224 3723 2267 3772 si
2304 3731 2361 3774 et
2401 3723 2540 3787 apud
2565 3724 2842 3775 Christu-

626 3799 852 3864 Legibus
872 3799 1028 3851 Juliis
1052 3801 1138 3864 agi
1161 3801 1401 3865 credunt,
1422 3807 1477 3851 et
1498 3801 1800 3852 existimant
1843 3804 2069 3865 coelibes,
2101 3809 2159 3853 et
2199 3802 2356 3853 orbos
2399 3818 2466 3852 ex
2509 3810 2844 3854 testamento

622 3880 724 3929 Dei
761 3879 978 3930 solidum
1016 3895 1120 3930 non
1141 3896 1292 3944 posse
1315 3882 1541 3945 capere!
1605 3882 1733 3932 Ideo
1772 3883 1927 3933 toties
1965 3883 2104 3947 apud
2126 3883 2535 3935 Jurisconsnltos
2575 3884 2649 3933 de
2679 3884 2846 3934 solidi

624 3960 865 4024 captione
889 3962 1078 4010 lectum
1104 3962 1479 4028 quaesitumque
1503 3970 1562 4013 ut
1596 3965 1629 4015 l.
1655 3977 1791 4014 ικιι.
1824 3965 1859 4012 l.
1886 3976 2129 4013 axxvm.
2163 3965 2244 4013 De
2277 3964 2388 4014 her.
2412 3964 2537 4014 inst.
2574 3965 2612 4015 1.
2637 3979 2717 4016 vr.
2757 3966 2850 4015 Da

626 4041 767 4105 vulg.
789 4049 845 4090 et
867 4042 1257 4105 pupil.substit.
1293 4043 1327 4092 Ι.
1351 4058 1449 4093 xit.
1481 4046 1528 4109 ξ.
1570 4043 1658 4095 fin.
1693 4044 1774 4094 De
1799 4045 1922 4108 jure
1958 4044 2101 4095 fisci:
2139 4060 2254 4109 quae
2293 4044 2463 4093 omnia
2508 4046 2728 4108 proprie
2771 4047 2844 4097 ad

626 4120 782 4170 orbos
816 4128 1060 4185 spectant
1116 4130 1391 4189 patresque
1431 4124 1707 4175 solitarios.
1773 4124 2036 4189 Quidquid
2080 4132 2255 4175 autem
2297 4124 2393 4173 hoc
2437 4124 2592 4173 modo
2643 4136 2846 4189 prater

625 4201 794 4265 legem
838 4202 1063 4266 legatum
1106 4210 1197 4254 aut
1238 4203 1497 4271 relictum,
1527 4205 1783 4258 caducum
1804 4204 1985 4271 flebat,
2006 4205 2220 4273 ibatque
2253 4205 2310 4257 in
2341 4204 2527 4257 fiscum
2543 4223 2562 4256 ι
2607 4206 2848 4274 ideoque
