3050 4867
881 419 1029 471 ma.
1072 419 1221 469 xn.
1267 418 1433 469 car.
1476 402 1588 469 46.
1636 417 2073 469 summum.

374 561 616 627 exemplo
636 561 957 628 Thucydidis
990 561 1315 626 concinnata,
1334 575 1439 612 non

376 641 534 693 semei
546 641 597 690 in
616 635 913 691 Cornelium
929 641 1142 691 criticos
1156 639 1436 690 excitavit:

375 729 473 770 nec
488 732 576 768 eos
594 717 854 768 continuit
873 718 1159 767 auctoritas
1179 714 1441 779 Phalerei,

378 794 892 859 Halicarnasseique:
968 795 1057 859 qui
1110 794 1439 858 apertissime

376 869 642 932 dixerunt,
687 870 1094 934 magnitudinem
1164 885 1259 934 per
1313 870 1441 920 talia

377 946 529 997 valde
576 947 886 1011 promoveri.
963 948 1045 996 En
1080 961 1147 996 ea
1186 947 1342 996 alium
1387 947 1439 996 in

376 1022 606 1074 ordinem
629 1035 909 1085 compono:
948 1022 1026 1071 Ne
1046 1023 1284 1073 dubitaret
1302 1025 1443 1072 mdis

376 1097 646 1147 &aazias
665 1096 971 1160 conditiones,
984 1113 1123 1166 quam
1138 1100 1307 1148 arinis.
1340 1100 1443 1147 Ve-

376 1174 507 1226 aaliz
552 1175 652 1223 iste
692 1174 859 1223 Pollio
893 1174 1076 1224 suadet
1116 1175 1444 1239 Mithradati,

380 1261 446 1298 ne
468 1256 799 1313 exspectaret
836 1256 1121 1300 extremam
1146 1251 1267 1313 vim,
1285 1265 1443 1316 quan-

380 1324 447 1376 do
479 1326 750 1376 castellum
788 1325 1048 1376 obsessum
1087 1341 1272 1392 expers
1306 1343 1442 1379 com-

380 1402 638 1454 meatibus
673 1408 820 1452 erat:
857 1418 918 1453 eo
951 1404 1304 1468 augustiarum
1343 1403 1444 1471 (di-

382 1476 560 1541 cebat)
604 1479 846 1528 redactus
885 1480 1034 1543 es,{o
1078 1481 1446 1546 Mithradates,

380 1561 441 1604 nt
462 1567 686 1618 nequeas
703 1555 823 1604 hinc
845 1556 1067 1605 evadere
1090 1573 1103 1605 ε
1132 1556 1347 1621 proinde
1378 1572 1445 1606 ne

380 1643 475 1679 nos
496 1631 724 1690 consule,
749 1631 989 1694 potiusne
1010 1632 1079 1682 sit
1099 1648 1216 1682 cnm
1241 1633 1445 1683 Rhada-

380 1704 535 1754 misto
557 1706 752 1769 pacisci
787 1713 911 1758 ante
945 1709 1177 1759 ultimam
1201 1723 1445 1773 pugnam,

385 1795 449 1831 au
466 1797 531 1833 ea
546 1789 806 1833 transacta
824 1783 1065 1849 accipere
1079 1785 1146 1834 ab
1163 1800 1227 1836 eo
1245 1786 1447 1836 victore

386 1860 741 1910 conditiones:
776 1860 877 1911 scis
912 1862 1048 1912 enirn
1088 1859 1334 1912 festinata
1359 1863 1447 1912 de-

384 1934 582 1985 ditione
622 1935 891 1986 conciliari
932 1936 1259 1987 clementiam
1285 1939 1447 1988 victo·

386 2013 470 2075 ris,
517 2017 703 2064 contra
746 2014 799 2063 in
841 2015 1137 2078 pertinaces
1183 2022 1241 2066 et
1280 2016 1447 2066 victos

386 2103 535 2139 omne
556 2090 774 2141 saevitiae
792 2104 955 2154 genus
977 2092 1234 2142 exerceri.
1279 2092 1447 2156 Arma,

385 2165 594 2227 bellum,
635 2168 890 2231 proelium.
968 2169 1214 2233 Propert.
1250 2170 1268 2198 ⁴
1290 2168 1450 2219 Arma

388 2241 534 2292 Deus
554 2243 733 2293 Caesar
762 2242 900 2294 dites
935 2244 1217 2295 meditatur
1256 2245 1323 2295 ad
1362 2245 1450 2295 In·

390 2316 514 2370 dos:
544 2318 825 2370 &lines-ius.
893 2321 1177 2384 Suspectus
1217 2321 1340 2370 mibi
1378 2323 1450 2371 lo·

390 2405 498 2443 cus.
595 2394 680 2444 An
745 2396 989 2446 hortatur
1054 2396 1448 2460 Mithradatern,

391 2481 699 2534 quamquam
725 2470 879 2520 armis
916 2471 1250 2533 instructum,
1271 2471 1450 2521 condi-

389 2546 557 2600 tiones
615 2561 766 2612 quam
820 2548 1118 2597 incruentas
1172 2549 1451 2613 accipere?

393 2622 616 2672 Pit-leena.
700 2623 944 2674 Claritati
1000 2624 1279 2674 sententiae
1322 2625 1452 2682 nihil

391 2699 612 2765 deesset,
620 2701 773 2751 modo
783 2700 1077 2751 auferretur
1094 2702 1277 2753 vocula
1286 2717 1456 2765 quam

391 2791 528 2841 nam,
564 2791 631 2829 ne
668 2779 1001 2830 admittamus
1032 2780 1250 2829 aliorum
1281 2793 1453 2828 emen-

393 2852 642 2918 dationes,
690 2855 744 2905 in
788 2870 973 2906 caussa
1019 2862 1101 2906 est
1137 2857 1280 2906 locus
1316 2854 1455 2905 infra

391 2927 528 2980 Ann.
547 2943 671 2981 1111.
694 2936 779 2982 37.
807 2933 896 2995 qui
917 2932 1104 2983 habet:
1144 2934 1162 2962 ⁴
1189 2933 1353 2982 Posse
1378 2932 1453 2982 illi

394 3006 583 3056 stabile
625 3021 861 3071 regnum,
913 3015 971 3059 et
1025 3023 1110 3059 res
1160 3009 1454 3058 incruentas

394 3081 711 3147 contingere,
747 3083 790 3133 si
827 3084 1013 3134 omissa
1051 3099 1144 3150 spe
1176 3086 1457 3150 longinqua

394 3165 451 3209 et
484 3173 600 3209 sera
637 3168 946 3224 presentem
988 3162 1345 3225 potioremque
1377 3174 1458 3209 se-

397 3236 677 3300 queretur!
715 3237 967 3286 Gnaei-us.
1018 3239 1035 3265 ⁸
1062 3237 1145 3286 Ne
1167 3235 1324 3286 dubia
1346 3242 1459 3285 teu-

395 3318 534 3364 taret
571 3314 724 3363 armis
765 3328 915 3379 quam
951 3314 1247 3364 incruentas
1285 3314 1458 3363 condi·

400 3390 567 3441 tiones
602 3389 820 3440 mallet!
902 3390 989 3440 Ita
1030 3391 1168 3455 lego.
1221 3389 1459 3442 Aurelius.

396 3465 529 3517 Haec
551 3466 617 3516 ab
639 3467 1013 3530 interpretibus
1034 3468 1177 3517 varie
1201 3468 1457 3532 exposita,

396 3555 494 3592 nec
527 3540 740 3592 defecta
777 3556 887 3593 esse
923 3547 1124 3608 putem,
1147 3550 1203 3593 et
1239 3545 1379 3594 clara
1413 3545 1458 3593 si

397 3632 493 3682 pro
503 3621 670 3682 nnsis,
687 3619 936 3669 suadente
955 3620 1215 3670 sententia
1232 3633 1457 3684 reponas

397 3709 545 3747 nmo.
584 3696 777 3745 Locum
799 3702 971 3746 antem
994 3695 1266 3746 obscurum
1287 3695 1458 3746 reddi·

398 3771 477 3822 dit
498 3787 599 3823 vox
617 3772 890 3835 dubitandi,
910 3787 1025 3837 qum
1055 3774 1142 3823 liic
1167 3788 1268 3823 non
1308 3773 1461 3823 sumi-

400 3854 485 3899 tnr
519 3848 776 3915 quomodo
818 3849 973 3915 vulgo
1023 3851 1177 3912 solet,
1215 3857 1275 3899 ut
1325 3849 1460 3899 hunc

402 3939 604 3975 sensum
643 3924 856 3990 habeat,
896 3926 1092 3992 absque
1141 3925 1304 3976 dubio
1347 3939 1460 3977 esse

398 4001 724 4065 praeferenda
772 4016 917 4053 arma
964 4002 1345 4054 conditionibus
1385 4003 1461 4052 in·

402 4079 657 4128 cruentis·
741 4078 835 4128 sed
888 4079 1022 4130 hunc
1091 4079 1283 4146 potius,
1333 4079 1461 4129 adeo

402 4152 690 4203 omittenda
720 4167 836 4204 esse
869 4169 1033 4219 arma,
1052 4164 1112 4205 nt
1148 4171 1215 4205 nc
1248 4156 1302 4206 in
1329 4170 1463 4220 qnae-

399 4227 614 4280 sumen
659 4228 868 4295 quidem
910 4233 996 4281 vel
1031 4231 1464 4282 deliberationem

400 4305 636 4359 vocanda
676 4305 819 4357 sint.
853 4305 985 4360 adeo
1022 4321 1210 4376 nempe
1252 4309 1309 4359 in
1346 4323 1466 4360 con-

2400 402 2574 469 400⁷

1512 560 1650 612 fesso
1672 575 1807 622 esse,
1823 561 2017 612 bellum
2035 559 2133 625 ipsi
2157 573 2258 610 non
2274 559 2577 624 gerendum.

1514 638 1753 690 Dubitare
1774 652 1898 701 ergo
1920 639 2015 688 hoc
2037 637 2153 687 loco
2176 644 2256 687 est
2271 635 2579 702 deliberare,

1516 722 1688 765 utrum
1713 730 1779 766 ex
1809 716 2008 765 duobus
2048 714 2348 779 pluribusve
2385 715 2455 764 sit
2487 715 2581 765 eli—

1515 793 1760 859 gendum,
1795 793 1997 856 integro
2040 791 2207 842 adhuc
2239 790 2578 854 judicio,uec

1517 885 1772 937 quoquam
1795 869 1918 919 dum
1941 869 2242 918 inclinante.
2291 867 2405 918 Hoc
2427 883 2582 920 sensu

1516 948 1777 1011 repetitur
1807 944 1961 1008 infra,
2000 957 2128 995 xm.
2162 948 2243 996 50.
2265 944 2280 972 ‘
2306 944 2584 995 Dubitavit

1518 1026 1664 1074 Nero
1713 1037 1776 1071 an
1834 1028 2023 1072 cuncta
2076 1021 2354 1086 vectigalia
2410 1021 2583 1071 omitti

1509 1098 1761 1164 juberet)
1809 1099 1977 1162 Supra
2021 1111 2125 1147 xn-
2164 1101 2245 1148 20.
2281 1097 2298 1125 ‘
2320 1096 2587 1148 dubitavit

1519 1191 1713 1235 tamen,
1754 1175 1992 1239 accipere
2024 1174 2284 1238 captivum
2313 1181 2471 1237 pacto
2507 1189 2585 1223 sa-

1517 1253 1659 1316 lutis,
1672 1267 1737 1302 an
1757 1256 1996 1315 repetere
2013 1251 2171 1299 armis
2191 1250 2382 1300 rectius
2398 1248 2541 1299 foret
2554 1245 2587 1298 :’

1519 1329 1610 1378 nbi
1632 1328 1849 1378 dubitare
1879 1327 2076 1377 dictum
2117 1333 2198 1376 est
2231 1325 2298 1377 de
2328 1319 2585 1376 delibera·

1522 1406 1663 1454 tione
1688 1404 1844 1452 ctiam
1883 1403 1936 1452 in
1973 1403 2183 1453 consilio
2218 1403 2413 1466 habita,
2435 1407 2495 1452 ut
2516 1416 2585 1456 ex

1519 1480 1857 1546 sequentibus
1876 1485 2054 1544 patet:
2077 1481 2093 1508 ‘
2119 1478 2211 1529 sed
2234 1478 2587 1528 disserebatur

1521 1555 1738 1609 contra-⁹
1772 1556 1857 1606 Sic
1881 1568 1960 1604 nr.
1985 1559 2069 1606 ⁶7.
2090 1554 2106 1583 ‘
2124 1554 2459 1605 dubitaverat
2483 1553 2588 1605 An·

1522 1640 1704 1699 gustus
1727 1631 2091 1682 Germanicum
2130 1632 2206 1679 rei
2246 1632 2392 1680 Rom.
2428 1630 2589 1696 impo-

1521 1708 1684 1761 nere.’
1730 1708 2104 1760 Freinshemius.
2171 1708 2364 1757 Mirum
2407 1712 2491 1757 est
2531 1707 2586 1757 in

1519 1788 1619 1837 boc
1651 1786 1768 1840 loeo
1802 1786 2048 1834 hactenus
2077 1783 2282 1833 haesisse
2314 1784 2447 1832 viros
2467 1782 2590 1834 doc·

1523 1863 1762 1914 tissimus.
1835 1861 1974 1911 Ecca
2018 1860 2117 1911 tibi
2161 1860 2588 1923 integerrimnm3

1522 1941 1603 1991 Ne
1643 1939 1859 1989 dubitare
1912 1937 2081 2000 armis,
2137 1951 2277 2000 quam
2315 1936 2588 1985 incruentas

1521 2016 1813 2066 conditiones
1849 2015 2028 2063 manet.
2096 2012 2227 2062 Mihi
2263 2026 2364 2062 non
2390 2020 2473 2060 est
2494 2010 2587 2061 du·

1524 2093 1683 2156 bium,
1706 2093 1828 2157 quin
1852 2091 1925 2140 sic
1947 2089 2220 2154 scripserit
2239 2089 2466 2138 Tacitus.
2501 2087 2588 2138 Nc

1522 2169 1701 2219 mallet
1750 2167 1918 2218 dubiis
1985 2165 2234 2215 bellorum
2281 2163 2481 2213 casibus
2533 2176 2590 2213 sc

1524 2245 1848 2310 permittere,
1887 2257 2038 2308 qnam
2076 2240 2313 2303 accipere
2353 2238 2590 2289 incruen-

1524 2329 1623 2385 tas,
1644 2321 1789 2372 facta
1809 2335 1962 2385 pace,
1980 2317 2320 2369 conditiones.
2353 2315 2593 2366 Dubitare

1523 2400 1674 2448 armis
1709 2399 1980 2461 eleganter
2026 2402 2269 2460 gerentes
2305 2393 2496 2442 bellum
2517 2391 2594 2441 di·

1525 2480 1736 2538 cuntur,
1754 2473 1820 2523 ob
1839 2472 2060 2522 maxime
2080 2471 2305 2534 dubiam,
2319 2469 2593 2530 incertam,

1525 2552 1808 2616 trepidam,
1829 2550 2137 2615 ,ambiguam
2160 2562 2305 2611 spem
2337 2560 2399 2596 ac
2429 2544 2593 2596 fortu-

1526 2643 1647 2677 nam
1663 2626 1934 2677 bellornm.
1969 2625 2113 2674 Idem
2133 2624 2312 2673 volunt
2331 2627 2389 2672 et
2408 2621 2593 2672 eodem

1526 2702 1641 2752 scre
1662 2701 1815 2751 modo
1837 2702 2117 2765 loquuntur
2149 2695 2402 2747 Tiridatis
2423 2703 2593 2747 orato·

1528 2793 1612 2827 res
1633 2778 1822 2826 Annal.
1845 2789 1972 2825 xm.
1993 2775 2010 2803 ‘
2033 2774 2160 2824 Ideo
2178 2773 2404 2823 nondum
2427 2773 2594 2837 ipsum

1527 2855 1838 2918 Vologesem
1876 2859 2207 2912 commotum,
2242 2849 2362 2915 quia
2391 2863 2594 2912 caussa,

1532 2944 1686 2995 qnam
1708 2930 1759 2979 vi
1789 2942 1944 2994 agere
1984 2926 2235 2977 mallent!
2271 2925 2593 2976 Bos-homins.

1531 3007 1757 3072 Appono
1795 3004 2056 3055 calculum
2096 3001 2155 3051 τὸ
2201 3018 2339 3067 quant
2379 3000 2598 3050 delenti·

1531 3083 1661 3133 bns:
1699 3081 1810 3132 sive
1832 3081 2139 3145 conjectura
2159 3085 2242 3128 est
2264 3093 2325 3126 ea
2343 3075 2599 3127 Groslotii

1534 3166 1591 3210 et
1614 3158 1860 3209 Gruteri:
1898 3157 1953 3207 et
1974 3156 2139 3205 muita
2161 3154 2324 3218 magis
2348 3153 2391 3201 si
2413 3165 2595 3201 verum

1534 3241 1630 3300 est,
1640 3234 1775 3300 quod
1784 3233 1925 3298 jacit
1933 3232 2173 3294 Ursinus,
2184 3230 2422 3278 inventos
2440 3227 2600 3278 libros

1535 3319 1759 3374 veteres,
1802 3309 1890 3376 qui
1927 3306 2235 3373 particulam
2272 3305 2597 3354 damnarent.

1534 3388 1700 3437 Labes
1722 3400 1827 3436 nou
1865 3384 1932 3433 ab
1965 3383 2044 3444 iis,
2070 3381 2157 3446 qui
2189 3379 2413 3430 docendi
2445 3384 2599 3429 erant

1536 3463 1660 3529 qnid
1678 3478 1829 3527 cmc,
1849 3460 1972 3527 qnid
1990 3458 2226 3522 dubitare,
2240 3456 2363 3521 quin
2381 3455 2599 3506 dubitare

1533 3540 1684 3590 armis
1716 3545 1869 3600 esset,
1890 3536 1983 3586 sed
2018 3534 2084 3585 ab
2114 3534 2317 3599 his‚qui
2353 3547 2458 3582 non
2480 3546 2602 3582 con-

1534 3616 1829 3682 coquebant
1846 3615 2114 3663 incruentas
2143 3611 2432 3661 emines
2456 3611 2604 3659 munis

1533 3696 1687 3745 mnae.
1771 3693 1958 3757 Neque
2003 3689 2137 3739 enim
2179 3687 2459 3752 protritum
2503 3687 2602 3736 boc

1532 3771 1777 3838 loquendi
1799 3785 1989 3836 genus:
2024 3769 2233 3831 elegans
2248 3774 2441 3817 tamen.
2494 3764 2604 3830 Ap·

1535 3848 1738 3914 pnleius
1781 3847 2003 3911 Apolog.
2042 3843 2059 3872 ⁴
2084 3843 2429 3893 Persuaserat
2462 3840 2604 3892 idem

1535 3925 1829 3976 Pontianus
1866 3921 2021 3973 matri
2060 3935 2202 3982 suae3
2261 3928 2317 3971 nt
2361 3934 2444 3969 nne
2488 3919 2606 3970 aliis

1536 4002 1773 4054 omnibns
1792 3999 2005 4051 mallet!
2047 3991 2425 4049 Subandiebam'
2449 4002 2607 4047 antea

1536 4079 1766 4145 aperiri,
1797 4076 1933 4144 quod
1966 4081 2024 4126 et
2055 4075 2122 4124 ad
2153 4075 2302 4124 amis
2329 4070 2603 4122 etadesn-

1536 4159 1740 4207 ditiones
1778 4155 1905 4206 satis
1945 4151 2216 4203 commode
2247 4148 2433 4201 referri
2461 4146 2606 4196 vide·

1539 4233 1712 4284 batur.
1765 4229 1882 4283 Sed
1904 4228 2034 4280 illud
2051 4228 2214 4293 magis
2232 4226 2428 4293 placet.
2480 4223 2605 4301 Gro-

1538 4308 1723 4361 novius.
