3050 4867
508 355 687 428 8⁷94
1201 378 1419 427 Nom
1464 378 1870 429 vammum
1919 378 2000 426 m

505 521 661 584 sium,
697 521 963 585 explosum
1007 521 1151 570 satis.
1217 521 1572 585 Reprehendit

507 596 689 656 etiam,
730 594 867 660 quod
923 602 1165 658 posuerat
1214 596 1458 645 Fert-etus
1501 609 1569 645 ex

498 672 772 735 Suetonio,
810 671 1079 721 seditiosos
1115 672 1311 736 aequari
1350 673 1570 721 voluisse

498 749 867 814 praetorianis:
902 749 968 798 de
1005 749 1316 799 Germanico
1349 751 1484 798 enim
1514 749 1566 797 id

504 825 628 886 dici,
648 839 748 875 non
773 825 839 873 de
855 825 1154 875 Pannonico
1178 826 1441 876 exercitu:
1476 826 1565 875 sed

502 901 614 965 Ipse
632 900 884 965 deceptus
909 908 991 951 est
1012 916 1176 966 prava
1204 903 1429 953 lectione
1453 916 1567 952 ver·

499 978 681 1029 borum
703 978 958 1038 Suetonii,
979 993 1096 1043 quae
1119 978 1422 1028 Torrentius
1454 993 1567 1029 cor-

500 1056 653 1105 rexit.
721 1055 836 1104 Nec
871 1068 992 1104 vero
1026 1068 1237 1104 necesse
1267 1060 1350 1103 est
1381 1054 1565 1104 Sueto·

498 1129 640 1180 nium
662 1136 720 1180 et
738 1129 977 1179 Tacitum
1011 1128 1148 1178 idem
1181 1142 1277 1193 per
1298 1129 1468 1179 omnia
1489 1128 1565 1177 di-

499 1219 656 1255 cere:
693 1205 908 1255 tradidit
945 1206 1081 1254 enim
1105 1212 1344 1270 uterque,
1368 1204 1507 1269 quod
1535 1219 1562 1255 a

494 1281 602 1332 suis
623 1281 921 1331 auctoribus
950 1281 1175 1345 accepit.
1194 1279 1225 1312 ³
1261 1280 1542 1332 Gronovius.

564 1357 699 1407 Hinc
749 1362 941 1420 vestm
983 1356 1139 1419 arma]
1203 1357 1366 1408 Vides
1420 1372 1565 1424 ergo,

496 1438 649 1481 aucto
671 1447 702 1481 a
721 1431 862 1482 Julio
899 1432 981 1492 vel
1010 1431 1076 1481 ab
1099 1431 1335 1495 Augusto
1367 1434 1561 1498 stipen-

498 1507 603 1569 dio,
628 1507 929 1570 abrogatam
960 1507 1100 1557 illam
1128 1508 1352 1558 Gracchi
1375 1509 1562 1573 legem,

494 1600 598 1649 qua
618 1584 768 1633 militi
791 1598 820 1633 e
844 1584 1049 1647 publico
1070 1593 1271 1634 vestem
1305 1585 1419 1635 dari
1447 1587 1560 1651 jus-

493 1660 579 1723 sit,
619 1660 730 1709 sine
769 1659 871 1709 ulla
915 1659 1167 1724 stipendii
1216 1661 1556 1712 detractione.

492 1733 647 1786 Quod
671 1732 882 1797 fugerat
902 1749 985 1785 me
1006 1736 1281 1785 admonere
1312 1735 1366 1784 in
1405 1737 1557 1786 Elec·

486 1810 576 1876 tis,
604 1826 723 1876 cap.
762 1810 831 1862 de
864 1811 1143 1875 stipendio.
1210 1810 1460 1877 Ambigas
1484 1819 1555 1863 ta-

489 1901 608 1936 men
634 1901 700 1935 an
734 1887 900 1937 secuti
938 1887 1198 1951 principes
1234 1888 1424 1937 iterum
1452 1901 1555 1938 non

489 1963 791 2012 reduxerint
815 1961 1041 2013 Gracchi
1072 1964 1170 2012 bac
1192 1971 1344 2027 parte
1364 1964 1553 2029 legem.

487 2038 812 2104 lampridius
826 2047 972 2091 certe
988 2041 1041 2090 in
1058 2040 1378 2091 Alexandroz
1415 2042 1430 2070 ‘
1450 2044 1555 2093 Do·

486 2113 669 2177 navit,'
693 2114 878 2179 inquit,
899 2116 915 2144 ‘
941 2121 997 2164 et
1019 2130 1215 2179 ocreas,
1234 2122 1288 2168 et
1319 2117 1551 2182 braccas,

487 2195 544 2238 et
569 2191 913 2240 calciamenta
934 2192 1071 2241 inter
1093 2192 1397 2242 vestimenta
1420 2194 1552 2243 mili-

483 2263 666 2312 tariaz’
698 2270 755 2313 et
779 2266 971 2327 postia
1006 2280 1228 2330 persona
1251 2268 1511 2332 Principis
1534 2286 1548 2320 ε

481 2339 499 2367 ‘
524 2340 626 2391 Qui
666 2348 936 2403 acceptam
970 2356 1001 2390 a
1038 2342 1439 2406 provincialibus
1463 2358 1550 2394 an·

483 2428 690 2477 nonam,
708 2416 795 2480 qui
819 2424 1034 2477 vestem,
1068 2418 1157 2482 qui
1178 2417 1439 2482 stipendia
1460 2432 1547 2468 vo-

481 2487 562 2539 bis
588 2490 861 2540 attribuit.'
894 2492 1105 2556 Lipsius.

555 2565 829 2615 Vacatioues
848 2567 1111 2631 munerum]
1150 2568 1346 2631 Scripsi
1374 2583 1440 2619 ea
1477 2570 1545 2620 de

479 2653 539 2688 re
560 2640 625 2688 ad
651 2639 807 2688 libros
830 2641 1202 2691 Historiarum.
1241 2644 1392 2694 Idem.

543 2714 804 2763 Proems'um
818 2716 1043 2779 pecunia]
1080 2717 1248 2768 Quale
1283 2718 1424 2768 istud
1456 2733 1544 2783 pe-

476 2789 761 2839 cuniarium
800 2792 1101 2854 praemium?
1166 2793 1302 2844 Pete
1342 2796 1407 2845 ab
1445 2797 1544 2846 Ex-

481 2879 619 2915 curs.
654 2867 866 2928 nostris,
888 2867 937 2916 iu
965 2868 1031 2918 G.
1099 2867 1263 2920 Idem.

543 2943 662 2998 Quoe
685 2942 816 2991 binos
835 2944 1051 2992 denarios
1081 2946 1364 3010 acceperint]
1412 2947 1542 2998 Sim·

472 3017 659 3080 plicius
682 3016 852 3067 forsan
882 3020 1162 3082 acciperent,
1186 3021 1323 3084 quod
1352 3025 1542 3088 margi·

468 3093 624 3142 nibus
647 3093 881 3144 allinunt.
896 3094 925 3122 ⁶
998 3095 1283 3146 Gronovius.

540 3172 661 3227 Qaoe
694 3178 801 3234 post
839 3173 1076 3223 sexdecim
1115 3174 1282 3238 annos]
1334 3175 1535 3239 Lapsus

473 3260 597 3310 ergo
631 3248 757 3310 Dio,
795 3249 881 3312 qui
918 3251 1082 3298 l.1.1v.
1122 3249 1314 3300 diserte
1355 3252 1535 3314 tradit,

469 3321 761 3384 Augustum
803 3322 1043 3373 definisse
1083 3338 1238 3373 annos
1264 3326 1533 3375 Pru-toriis

467 3398 762 3447 cohortibus
800 3398 1090 3462 duodecim,
1123 3400 1235 3449 aliis
1282 3400 1531 3451 sedecim.

462 3463 582 3519 -Nisi
634 3477 806 3521 tumen
856 3474 908 3522 id
954 3474 1221 3523 decretum
1276 3482 1528 3526 mutatum

464 3554 663 3610 postea,
681 3564 813 3598 anuo
837 3563 1093 3601 nccnvm.
1126 3551 1281 3601 Quod
1306 3560 1527 3614 apparet

464 3638 529 3672 ex
563 3625 743 3674 eodem
779 3628 970 3687 Dione,
1005 3628 1039 3677 l.
1063 3640 1148 3679 nv,
1187 3628 1273 3675 ubi
1297 3628 1363 3676 de
1396 3643 1525 3691 prte-

462 3700 578 3748 sniis
602 3701 929 3762 militaribus3
964 3716 1114 3765 quem
1137 3702 1239 3753 adi.
1274 3704 1484 3766 Lipsius.

462 3779 465 3784 '
525 3775 633 3825 Sibi
654 3781 809 3824 tumen
831 3780 954 3839 apud
975 3776 1212 3840 horridas]
1244 3778 1522 3829 Rhenanus

457 3849 588 3913 legit
605 3850 675 3900 ibi
694 3857 867 3901 tamea.
934 3852 1006 3901 At
1031 3851 1376 3914 perfamiliare
1403 3868 1519 3905 esse

454 3928 642 3980 Tacito
673 3930 766 3978 sibi
804 3945 898 3993 pro
932 3946 963 3979 a
997 3946 1072 3995 se,
1106 3932 1224 3980 mihi
1247 3946 1342 3995 pro
1363 3947 1394 3981 a
1417 3947 1518 3996 me,

455 4010 553 4058 dcc.
591 4015 838 4058 sexcenta
878 4009 1014 4072 apud
1058 4009 1223 4073 ipsum
1279 4012 1518 4074 exempla

455 4082 695 4148 probant.
760 4085 986 4136 Pickenu.

486 4159 620 4208 Car.
637 4164 717 4209 18.
760 4158 913 4209 Simul
946 4166 1200 4220 congerant
1233 4161 1449 4225 cespites]
1483 4161 1513 4192 '¹

449 4232 650 4285 Statius
665 4236 718 4285 in
733 4236 885 4288 Silvis
903 4253 917 4284 ε
941 4237 957 4266 ⁴
978 4236 1084 4286 Hic
1102 4242 1278 4285 suetus
1293 4236 1421 4287 dare
1429 4238 1515 4302 ju·

1643 534 1702 570 ra
1719 533 1925 585 parens,
1943 519 2038 568 boc
2055 518 2256 582 cespite
2273 522 2472 568 turmas
2485 516 2715 572 Adnue

1644 597 1945 645 Ammianus
1998 596 2035 646 l.
2076 607 2250 644 xxm.
2306 598 2322 624 ‘
2349 595 2472 660 Ipse
2513 609 2712 660 aggaro

1644 673 1833 735 glebali
1857 673 2119 734 assistens,
2142 686 2433 736 coronaque
2450 673 2714 724 celsarum

1644 747 1991 796 circumdatus
2016 753 2351 810 potestatum,
2375 747 2496 797 talia
2516 763 2608 798 ore
2631 762 2716 798 se-

1643 835 1769 870 reno
1792 821 2065 872 disseruit!
2130 822 2437 873 Claudianus
2468 822 2534 873 de
2568 824 2712 874 bello

1643 896 1867 947 Getico:
1902 898 1919 925 ‘
1946 897 2119 947 Dictis
2136 903 2257 947 aute
2276 905 2446 948 tamen
2465 898 2712 963 princeps

1641 971 1911 1022 confirmat
1931 973 2108 1031 ituros,
2133 972 2344 1037 Aggere
2367 974 2708 1038 conspicuus3

1639 1056 1747 1100 stat
1770 1050 2081 1101 circumfusa
2096 1052 2345 1115 juventus
2367 1052 2506 1101 Nixa
2526 1052 2707 1114 hastis,

1639 1139 1933 1190 pronasque
1953 1124 2104 1175 ferox
2128 1126 2483 1176 accommodat
2520 1124 2708 1176 aures!

1643 1200 1852 1264 Lipsius.

1703 1275 2073 1339 Propero-tibus
2124 1276 2316 1328 Blaesas
2364 1276 2577 1341 daedi]
2645 1276 2704 1327 Si

1635 1348 1822 1400 fuisset
1843 1352 1896 1399 in
1920 1351 2073 1402 unico
2087 1351 2218 1401 libro
2244 1352 2702 1415 Ope-ontibusmon

1635 1430 1752 1479 huic
1807 1429 1948 1479 istud
2021 1427 2341 1492 praeferrem·
2424 1428 2702 1479 Suetonius

1636 1505 1885 1556 Claudio:
1918 1508 1935 1536 ⁴
1953 1505 2184 1555 canalem
2218 1503 2438 1554 absolvit
2460 1517 2620 1569 segre,
2642 1509 2701 1553 et

1635 1587 1753 1646 post
1774 1582 2011 1631 undecim
2049 1593 2229 1642 annos,
2264 1580 2495 1644 quamvis
2530 1579 2700 1629 conti·

1634 1657 1745 1708 nnis
1780 1658 1992 1721 triginta
2031 1656 2292 1706 hominum
2328 1656 2549 1705 millibus
2581 1655 2696 1706 sine

1631 1732 2011 1781 intermissione
2051 1731 2420 1796 operantibus.'
2496 1731 2697 1781 Noster

1629 1806 1770 1857 infra
1785 1823 1801 1856 x
1833 1807 1849 1835 ‘
1875 1807 2136 1856 Miscetur
2155 1807 2477 1870 operantium
2499 1807 2698 1856 bellan·

1632 1883 1861 1949 tiumque
1904 1883 2133 1933 clamor.'
2219 1883 2468 1946 vegetius
2522 1883 2588 1932 de
2634 1898 2693 1933 re

1627 1959 1736 2009 mii.
1776 1972 1844 2008 11.
1875 1963 1958 2008 22.
1994 1961 2010 1988 ‘
2047 1958 2156 2008 sive
2194 1958 2261 2007 ad
2299 1972 2430 2021 opus
2465 1959 2693 2024 aliquod,

1628 2036 1740 2085 sive
1782 2034 1850 2085 ad
1886 2034 2241 2084 decursionem
2281 2034 2450 2097 campi
2495 2041 2692 2085 exeunt

1626 2110 1838 2174 milites,
1861 2109 2096 2160 tubicine
2131 2116 2354 2160 vocante
2386 2117 2691 2173 operantur,

1627 2192 1683 2235 et
1733 2200 1911 2237 rursus
1953 2185 2181 2235 tubicine
2223 2185 2532 2236 admonente
2578 2200 2689 2238 ces·

1622 2260 1775 2311 sant!
1845 2260 2128 2310 Gronovius.

1689 2338 1822 2388 Car.
1846 2341 1925 2388 19.
1961 2338 2246 2402 lua-§pientes
2260 2339 2492 2402 principis
2524 2340 2684 2402 curas]

1622 2414 1806 2465 Recte.
1853 2415 1939 2464 An
1958 2423 2129 2465 tamen
2149 2415 2420 2479 incipientis
2434 2416 2685 2479 scripsit?

1623 2490 1707 2540 Sic
1724 2489 1968 2541 inferiore
1990 2507 2114 2541 sane
2133 2499 2291 2542 aetate
2313 2492 2684 2555 ‘incipientem

1621 2566 1938 2616 orientemse
1961 2566 2266 2632 principem'
2287 2567 2545 2617 dixerunt.
2581 2568 2685 2615 Pa-

1620 2656 1738 2706 neg.
1777 2658 1872 2706 pro
1909 2643 2299 2694 Flaviensibus:
2350 2646 2367 2673 ⁸
2389 2644 2488 2693 Ilia
2526 2645 2683 2709 enim,

1622 2730 1738 2780 quoe
1763 2723 1817 2767 te
1837 2717 2118 2780 incipiente
2151 2726 2411 2781 suscepta,
2448 2719 2680 2771 omuibus

1620 2792 1825 2854 populis
1859 2792 1982 2855 jure
2025 2793 2347 2842 communia.'
2412 2795 2485 2843 Et
2532 2794 2681 2845 initio

1619 2867 1818 2932 Paneg.
1866 2868 2182 2917 Maximiano
2226 2876 2281 2918 et
2320 2869 2681 2933 Constantino,

1614 2943 1632 2971 ‘
1653 2946 1825 2994 oriens
1847 2944 2147 3007 imperator’
2171 2945 2379 2994 dicitnr.
2411 2945 2675 2996 Acidaliae.

1613 3017 1755 3068 Satis
1799 3019 2011 3082 placent
2046 3019 2324 3082 incipientes
2363 3034 2506 3068 σανα.
2563 3021 2677 3070 »δὶα

1614 3093 1807 3144 Ovidio
1831 3108 1894 3142 11.
1916 3093 1983 3142 de
2011 3102 2124 3143 arte
2145 3111 2158 3143 ε
2192 3096 2209 3123 ⁴
2231 3094 2483 3158 incipiens
2506 3095 2678 3147 omnia

1613 3169 1775 3218 sentit
1817 3168 1991 3219 amor!
2063 3171 2142 3218 Et
2197 3170 2246 3217 in
2303 3181 2405 3218 xis.
2452 3170 2673 3221 Metam.

1611 3244 1626 3272 ‘
1651 3244 1824 3294 Barba
1841 3254 1958 3293 erat
1980 3245 2266 3307 incipiens.'
2322 3246 2517 3295 Noster
2529 3245 2674 3296 nist.

1609 3331 1650 3369 1.
1683 3319 1699 3347 ‘
1719 3320 1967 3382 incipiens
1985 3321 2148 3369 adbuc
2167 3326 2224 3369 et
2247 3320 2468 3369 noudum
2492 3317 2674 3371 adulta

1607 3395 1828 3445 seditio.’
1867 3398 2153 3446 Gronovius.

1672 3472 1902 3521 Caum).
1938 3470 2014 3518 Ob
2034 3469 2232 3532 itiam]
2273 3472 2670 3534 Expeditionem

1604 3561 1731 3611 ergo
1752 3548 2157 3610 meditabantur,
2191 3561 2354 3612 eoque
2387 3550 2497 3598 hnc
2535 3565 2668 3612 prae·

1603 3628 1883 3675 curabant:
1952 3641 2120 3689 neque
2156 3626 2255 3674 alio
2293 3626 2398 3676 fine
2427 3628 2578 3677 simul
2611 3629 2667 3679 in

1601 3703 1796 3751 aestivis
1820 3709 1985 3751 erant.
2026 3702 2231 3764 Lipsius.

1673 3777 1857 3826 Vexata
1897 3775 2181 3838 convellant]
2236 3777 2459 3827 Quidam
2503 3777 2664 3827 inter·

1600 3862 1891 3918 pretautur,
1914 3856 2054 3918 quasi
2078 3854 2392 3918 reperissent
2423 3855 2663 3920 explicant

1598 3946 1693 3994 pro
1716 3931 1989 3979 conuellunt.
2061 3930 2164 3979 Alii
2201 3938 2466 3992 exponunt
2504 3929 2661 3980 corri-

1597 4023 1755 4073 pere;
1794 4024 1860 4057 ex
1906 4018 2062 4069 terra,
2102 4009 2186 4058 cni
2219 4007 2361 4071 infigi
2400 4008 2660 4073 solebant,

1594 4087 1835 4148 evellere,
1866 4092 1925 4135 ut
1962 4083 2332 4148 praeferrentur
2354 4085 2655 4149 manipuliss

1594 4162 1733 4226 quod
1790 4161 2023 4225 profecto
2075 4176 2176 4209 non
2228 4161 2503 4211 absurdum
2555 4167 2657 4213 cst.

1594 4239 1780 4304 Neque
1820 4239 1954 4289 enim
1992 4239 2192 4302 ignoro,
2221 4238 2509 4290 mundi
2532 4252 2653 4290 vos·-
