3050 4867
835 852 1990 979 RECENSUS

1016 1108 1533 1185 CODICUM
1585 1111 1815 1189 MSS.

660 1350 785 1444 C.
888 1353 1405 1444 CORN.
1504 1354 1934 1446 TACI
1993 1358 2184 1448 TI

867 1615 1099 1677 NOVA
1143 1617 1518 1678 RATIONE
1561 1618 1993 1680 DIGESTUS.

1055 1921 1183 1986 [Ex.
1205 1920 1315 1969 En.
1334 1919 1601 1969 BIPONT.
1623 1920 1791 1985 ποι]

334 2299 379 2340 ¹.
432 2293 482 2342 l.
526 2255 800 2345 Conssx
832 2283 1419 2345 corbeio-Mediceus
1456 2302 1504 2342 s.
1545 2282 1937 2355 Florentinus,
1983 2281 2142 2362 quod
2188 2282 2262 2341 ad
2298 2278 2523 2342 Tiberii

411 2380 665 2439 Annales
693 2381 919 2452 attinet,
963 2379 1202 2439 unicus:
1246 2399 1396 2459 quos
1435 2379 1756 2438 Beroaldus
1798 2378 2049 2457 primum
2090 2377 2275 2436 edidit
2316 2378 2524 2436 Romoe

413 2483 589 2536 1515.
631 2496 764 2535 cum
807 2477 1043 2556 reliquis
1094 2477 1292 2537 Taciti
1342 2478 1523 2540 libris.
1587 2475 1937 2554 Diligentius
1963 2473 2249 2534 Codicem
2277 2472 2528 2532 contulit

406 2568 687 2641 Pichena,
719 2571 1032 2649 sospitator
1056 2571 1254 2631 Taciti
1280 2574 1444 2646 alter,
1473 2570 1907 2648 novissimeque
1939 2571 2072 2630 Jac.
2104 2567 2465 2628 Gronovius.

332 2671 390 2723 2.
431 2663 624 2740 Hujus
674 2666 914 2726 Codicis
962 2669 1388 2748 apographum,
1438 2676 1598 2727 certe
1649 2667 1807 2745 quod
1834 2665 1908 2726 ad
1934 2665 2114 2725 libros
2134 2666 2360 2745 priores
2387 2663 2525 2724 atti-

407 2770 524 2829 net,
555 2780 589 2819 a
615 2764 712 2823 Jo.
742 2762 1035 2835 Jocundo,
1066 2765 1404 2836 Veronensi,
1453 2763 1693 2845 propria
1720 2782 1896 2823 manu
1927 2762 2216 2842 scriptum
2242 2770 2525 2823 tractasse

411 2875 472 2914 se
522 2857 754 2917 Fulvius
799 2860 1046 2919 Ursinus
1090 2860 1403 2941 profitetur
1442 2860 1519 2921 ad
1554 2863 1709 2920 Ann.
1742 2877 1790 2919 1.
1820 2867 1879 2918 4.
1910 2858 2090 2929 idem,
2115 2856 2315 2928 credo,
2345 2876 2521 2936 quem

408 2952 476 3010 P.
525 2956 815 3015 Danesius
862 2958 1134 3030 contulit,
1180 2968 1334 3020 teste
1380 2957 1597 3037 passim
1633 2955 1850 3017 Ursino
1878 2954 1935 3012 in
1963 2952 2117 3013 notis
2145 2953 2220 3011 ad
2248 2944 2398 3013 Tac.
2425 2951 2523 3016 Cf.

409 3068 542 3108 eum
571 3045 647 3109 ad
678 3052 885 3114 Annal.
921 3070 1012 3115 ιν.
1045 3063 1142 3126 20,
1169 3066 1232 3115 et
1259 3055 1334 3115 ad
1364 3055 1468 3115 lib.
1498 3070 1599 3113 xl.
1623 3050 1857 3129 saepius.

331 3154 389 3206 3.
432 3147 635 3206 Codex
681 3149 983 3228 Hispanus
1031 3151 1246 3212 Didaoi
1293 3152 1369 3214 de
1419 3148 1797 3220 Covarruvia,
1844 3146 2001 3218 scii,
2045 3164 2221 3224 quem
2276 3145 2529 3207 contulit:

410 3243 597 3302 Andr.
626 3244 911 3304 Schottus
936 3269 950 3315 ;
994 3248 1335 3309 collationes
1364 3248 1563 3325 Lipsio
1591 3243 1928 3306 transmisit.

331 3353 409 3397 11.
440 3348 498 3399 4.
540 3340 912 3399 Florentinus
942 3343 1144 3403 Codex
1191 3344 1486 3422 antiquus,
1515 3363 1585 3403 ex
1625 3339 1939 3419 antiquiori
1966 3359 2109 3399 saec.
2141 3354 2236 3397 IV.
2264 3337 2530 3398 exeuntis

410 3434 746 3514 descriptus
789 3438 1009 3498 saeeulo
1038 3457 1164 3499 vu.
1195 3441 1286 3500 vel
1318 3457 1472 3501 vlu.
1499 3439 1679 3498 literis
1708 3435 2205 3516 Longobardicis;
2245 3454 2283 3493 a
2319 3434 2529 3495 Curtio

409 3532 666 3592 Pichena
688 3532 990 3610 diligenter
1011 3536 1280 3606 collatus,
1311 3546 1367 3595 et
1385 3538 1514 3597 Jac.
1544 3534 1851 3593 Gronovio
1880 3532 2247 3593 existimante
2275 3537 2293 3565 ‘
2320 3549 2532 3611 parens

413 3631 669 3689 omnium
701 3631 869 3689 Mss.’
899 3629 1033 3691 inde
1061 3653 1099 3691 a
1124 3631 1161 3689 l.
1193 3648 1293 3691 x1.
1322 3630 1533 3691 Annal.

332 3736 392 3789 5.
421 3725 479 3786 6.
509 3738 564 3796 7.
614 3728 929 3787 Florentini
979 3728 1327 3788 recentiores
1374 3729 1497 3788 dno
1544 3726 1789 3787 membr.
1830 3726 1974 3786 alter
2014 3745 2052 3784 a
2091 3725 2135 3783 l.
2166 3742 2268 3784 xl.
2314 3722 2534 3783 Annal.

409 3822 484 3881 ad
519 3823 672 3882 Hist.
703 3823 742 3882 l.
774 3841 854 3884 11.
882 3825 1027 3884 alter
1054 3825 1294 3884 eosdem
1325 3822 1644 3883 Annalium
1689 3833 1746 3881 et
1796 3838 1860 3880 V.
1909 3822 2299 3881 Historiarum
2346 3819 2531 3878 libros

409 3920 843 3998 complectitur.
904 3920 1167 3981 Tertium
1198 3923 1553 4000 quandoque
1584 3928 1862 3981 memorat
1886 3919 2167 3980 Pichena.

333 4034 443 4079 ιιι.
476 4027 532 4078 8.
577 4017 783 4077 Codex
806 4018 1188 4078 Parnesianus
1217 4040 1266 4079 s.
1296 4019 1642 4088 Vaticanus,
1691 4038 1869 4096 quem
1905 4038 1966 4077 se
2005 4013 2297 4076 beneficio
2340 4011 2533 4073 Fulvii

415 4115 606 4175 Ursini
633 4116 911 4196 adeptum
963 4115 1110 4177 dicit
1156 4117 1399 4197 Lipsius
1423 4117 1837 4197 contulitque3
1877 4139 1953 4180 ex
1985 4116 2144 4179 Bibl.
2173 4112 2536 4177 Fanniam
