3050 4867
895 438 1043 489 mn.
1089 438 1171 489 11.
1217 438 1382 491 cn.
1411 416 1537 492 13.
1584 441 2139 495 ms'ronmnuu.

406 575 573 633 verba
592 582 738 631 recte
749 578 983 655 'oi-dines,
1021 586 1084 631 ut
1105 594 1311 630 sensum
1346 579 1471 631 satis

407 657 712 722 assequaris.
794 656 1082 706 Temeritas
1126 656 1255 705 nihil
1295 654 1472 721 profu-

409 738 525 783 tau
542 732 595 782 in
613 746 842 783 emmaus
861 731 970 781 belli
991 737 1129 783 tants
1151 735 1287 797 mole,
1306 733 1360 783 id
1391 739 1472 783 est

406 805 553 872 belli,
570 809 715 873 cujus
737 814 878 859 esset
902 815 1047 858 tanta
1068 810 1245 858 moles.
1279 809 1470 859 Acidal.

410 883 540 933 Cum
575 882 695 933 libri
731 883 1015 947 praeferant
1045 885 1098 934 in
1124 900 1321 950 sauma,
1344 886 1470 936 alte-

410 974 519 1011 nm
558 960 832 1010 lectionem
870 960 923 1009 iu
963 976 1188 1010 ammam
1232 961 1473 1011 editionis

409 1050 517 1086 suas
568 1036 787 1100 margini
837 1037 1044 1100 Lipsius
1099 1037 1469 1101 adscripscrat:

410 1127 563 1179 quam
582 1114 871 1177 recepimus
888 1113 1162 1164 audacter:
1191 1114 1325 1178 qnod
1341 1116 1471 1165 hane

409 1188 573 1253 ipsam
611 1190 824 1254 phrasin
866 1195 969 1240 tam
1030 1190 1167 1254 apud
1211 1190 1474 1253 Tacitum,

411 1281 564 1331 quam
604 1267 731 1316 alios
776 1268 1081 1331 reperimus.
1144 1267 1314 1332 Supra
1346 1281 1472 1317 xm.

412 1345 498 1391 88.
540 1341 747 1406 quidam
787 1349 928 1392 recte
971 1344 1172 1406 legunt,
1212 1342 1227 1369 ‘
1252 1343 1378 1391 nihil
1420 1343 1474 1391 in

408 1430 658 1466 summam
682 1418 823 1481 pacis
848 1415 1250 1481 proficii-batur!
1300 1418 1474 1468 Livius

413 1495 676 1543 xxxi..87.
721 1493 737 1519 ‘
763 1491 827 1541 In
868 1507 1116 1543 summam
1162 1493 1314 1544 etiam
1354 1493 1471 1543 belli

412 1565 706 1630 profectum
728 1566 901 1618 foret.'
960 1568 1176 1621 Quintil.
1198 1570 1233 1620 l.
1253 1583 1294 1618 1.
1315 1571 1332 1597 ⁴
1355 1568 1473 1619 Hoc

411 1655 508 1705 per
558 1641 785 1705 singulos
829 1656 984 1692 annos
1034 1650 1366 1708 prorogatum
1422 1644 1475 1693 in

412 1731 657 1777 summam
684 1717 919 1782 proficit.’
987 1720 1117 1771 Quae
1139 1721 1257 1769 loca
1280 1735 1360 1768 me
1384 1720 1474 1768 du-

413 1791 585 1842 bitare
625 1801 836 1857 cogunt,
877 1795 1034 1844 etiam
1074 1796 1126 1844 in
1166 1796 1264 1844 illis
1307 1795 1476 1845 Taciti

411 1884 509 1935 pro
546 1871 799 1937 profutara
835 1873 1111 1935 legendnm
1144 1888 1255 1923 esse
1295 1870 1479 1937 profec-

414 1951 539 1997 tura.
591 1947 986 1998 Freinshemius.
1055 1949 1281 1999 Videtur
1320 1950 1480 2012 scrip-

415 2024 541 2075 sisse
564 2034 764 2089 auctor,
783 2031 966 2076 tentata
997 2029 1118 2077 mole
1146 2027 1269 2092 belli,
1296 2033 1480 2076 utcun-

417 2114 520 2165 que
539 2098 598 2149 τὸ
620 2106 757 2151 tanta
778 2104 1010 2166 explicet
1030 2103 1312 2155 Acidaiius.
1358 2104 1481 2152 Gro-

412 2191 591 2227 amus.

487 2253 792 2304 Pkirrkicum
828 2255 1159 2318 trierarchum]
1203 2254 1359 2305 Forte
1393 2269 1480 2303 no·

417 2341 534 2378 men
559 2328 774 2379 bominis
792 2329 913 2391 fuit,
939 2332 1242 2394 Pyrrhicam.
1282 2331 1447 2381 Idem.

482 2404 702 2454 Balineis
741 2406 1051 2472 interficitur]
1099 2406 1482 2472 scriptitabant

417 2487 625 2529 veteres
665 2481 972 2544 plerunque,
1024 2481 1238 2543 balineis,
1298 2490 1356 2532 ut
1400 2482 1482 2532 bic

419 2553 768 2618 Florentinus.
799 2556 990 2620 Vulgo,
1004 2556 1196 2606 balmis.
1233 2558 1482 2609 Pit-hena.

485 2630 616 2681 CAP.
659 2635 738 2681 17.
814 2632 995 2681 Faciles
1037 2633 1383 2695 occupantibus,
1436 2638 1483 2683 et

421 2706 694 2755 melioribus
712 2707 991 2769 incuriosas]
1032 2709 1190 2771 Lego,
1215 2710 1484 2757 melioribus

417 2780 684 2832 muriceis.
768 2781 989 2831 Paratus
1046 2783 1197 2832 obvio
1257 2791 1313 2833 et
1357 2784 1483 2833 invi-

422 2857 575 2922 tanti,
595 2873 750 2922 quum
788 2859 970 2908 melior
1012 2872 1164 2908 nemo
1192 2866 1354 2922 esset,
1394 2867 1485 2909 aiut

421 2946 598 2983 curam
652 2934 968 2999 adjungendi
1037 2948 1124 2985 eos
1177 2936 1486 3000 susciperet.

427 3010 712 3061 Gronovius.

490 3088 769 3151 camporum
783 3092 830 3137 et
849 3085 1036 3137 urbium
1056 3088 1150 3152 est]
1184 3087 1487 3138 Induximus

424 3163 640 3212 verbum
663 3167 751 3212 est.
803 3163 1098 3213 Rhenanus.

493 3238 645 3293 Quem
691 3243 881 3301 repente
948 3244 1111 3288 contra
1171 3238 1490 3302 Placentiam]

426 3313 640 3377 Repente
684 3313 981 3363 adverbium
1016 3314 1330 3364 delevimus:
1370 3329 1490 3364 nam

426 3389 479 3438 in
503 3388 761 3438 volumine
785 3403 880 3437 ms.
923 3404 1026 3438 non
1050 3398 1217 3439 extat.
1269 3390 1488 3440 Rhenus.

426 3465 716 3515 Deloverat
734 3466 853 3515 olim
872 3466 1147 3515 Rhenanus
1168 3466 1491 3529 adverbium,

425 3548 635 3606 repente,
658 3542 897 3606 quoniam
917 3556 948 3590 a
973 3558 1064 3592 suo
1084 3543 1265 3593 codice
1291 3543 1490 3593 aberat.

429 3618 542 3683 Ego
562 3619 787 3682 restitui,
816 3619 1117 3668 Florentino
1141 3626 1195 3667 et
1219 3619 1328 3668 aliis
1353 3625 1492 3667 vete-

432 3696 572 3746 ribus
610 3695 921 3745 volentibus.
956 3694 1185 3744 Pio-hena.
1255 3696 1494 3743 Muretus

430 3772 631 3837 insei‘it,
669 3788 698 3821 e
735 3771 893 3834 libro,
916 3770 1315 3833 eredo‚repente.
1375 3769 1494 3821 Aei-

433 3849 616 3899 dalius.

500 3925 676 3990 Raptis
694 3926 907 3989 quaedam
929 3923 1324 3988 exploratoribus]
1362 3924 1494 3972 Con-

433 3998 643 4051 firmant
686 4011 890 4051 veteres
934 4001 1037 4051 Ms.
1079 4001 1289 4049 verbum
1322 4001 1495 4063 raptis,

432 4077 518 4128 hic
549 4079 713 4141 magis
750 4078 1049 4143 proprium:
1086 4078 1231 4140 quasi
1256 4076 1497 4125 celeriter

435 4154 622 4217 captis,
643 4159 698 4203 et
718 4154 934 4204 avectis.
1004 4153 1167 4215 Male,
1190 4152 1279 4217 qui
1310 4151 1498 4201 substi-

438 4234 608 4294 tuunt,
625 4230 797 4295 captis.
863 4230 1112 4279 Pichena.

504 4305 643 4358 CAP.
683 4309 766 4359 18.
818 4306 1085 4359 ludamus
1127 4304 1262 4355 miles
1304 4309 1351 4354 et
1389 4303 1500 4355 belli

2436 410 2611 503 419'5

1546 581 1773 646 ignara]
1806 582 2122 636 Plutarchus
2160 584 2364 651 scribit,
2396 588 2613 654 Spurin-

1546 671 1667 707 nam
1706 674 1857 723 poene
1896 677 1927 710 a
1960 661 2207 712 militibus
2244 662 2611 717 interfectum:

1546 733 1637 798 qui
1671 749 1788 784 eum
1829 738 2032 800 probris
2056 745 2352 803 exceptum,
2386 741 2616 804 prodito·

1547 822 1657 858 rem
1695 811 1970 875 vocabant,
2013 819 2069 863 et
2111 816 2360 879 principis
2405 818 2615 880 negotia

1549 888 1966 938 cunctationibus
1990 890 2213 953 perdere
2237 892 2465 944 aiebant.
2512 888 2616 942 Am

1548 963 1847 1014 stimulante
1881 965 1998 1014 vino
2021 965 2320 1029 irruperunt
2356 968 2420 1016 de
2459 974 2615 1018 nocte

1547 1040 1601 1089 in
1626 1041 1907 1092 tentorium
1943 1042 2074 1106 ejus,
2096 1042 2343 1092 viaticum
2374 1041 2616 1107 flagitatr-

1550 1123 1647 1179 tes‚
1672 1123 1733 1164 ut
1755 1115 1819 1165 ad
1844 1116 2141 1182 Principem
2178 1116 2464 1166 Brixellum
2503 1130 2619 1181 pro-

1548 1189 1697 1252 fecti,
1733 1190 2039 1253 proditionis
2097 1206 2241 1240 reum
2283 1199 2615 1256 peragerent.

1547 1264 1772 1314 Servilius.

1613 1340 1798 1404 Spretis
1818 1341 2184 1404 centurionibus,
2203 1340 2494 1405 tribunisque
2507 1352 2618 1406 pre-

1548 1418 1808 1468 nidentiam
1843 1419 1977 1468 ducis
2012 1417 2331 1480 laudantibus]
2378 1420 2498 1467 Non
2541 1426 2618 1468 tel·

1549 1510 1692 1545 mere
1726 1495 1866 1544 soleo
1900 1497 2267 1558 glossematum
2303 1497 2619 1561 suspiciones

1550 1569 1847 1620 admittere.
1916 1571 2048 1620 Haec
2085 1578 2254 1620 autem
2290 1573 2471 1635 verba,
2507 1588 2618 1637 pro·

1549 1645 1804 1694 videntium
1833 1647 2295 1709 mundantibus,
2328 1651 2488 1712 magis
2513 1665 2617 1699 ma·

1551 1720 1732 1784 gisone
1758 1723 2012 1783 suspicor,
2045 1722 2129 1770 bic
2154 1737 2426 1786 perperam
2462 1725 2622 1773 incul-

1550 1803 1671 1843 cata
1711 1807 1777 1843 ex
1820 1796 1900 1855 iis,
1945 1810 2059 1859 quae
2103 1798 2257 1859 paulo
2293 1796 2427 1847 infra
2460 1798 2619 1863 subji‘·

1552 1870 1792 1919 ciuntur:
1842 1870 2113 1919 inserentib.
2159 1886 2210 1920 se
2252 1873 2618 1936 coitur-ionibus,

1551 1945 1845 2009 tribunisque
1878 1947 2066 1995 laudari
2093 1948 2439 2009 prouidentiam
2471 1950 2621 2002 dacis.

1553 2019 1689 2069 Nam
1731 2021 2059 2085 skattendis,
2094 2020 2364 2084 &tebet-ia,
2396 2024 2622 2074 absurda

1554 2102 1611 2145 et
1652 2096 1820 2145 aliens
1860 2098 1963 2147 hic.
2030 2097 2117 2147 An
2155 2112 2272 2147 cum
2315 2100 2505 2148 milites
2544 2101 2622 2149 ita

1554 2171 1858 2238 fremerent,
1917 2174 2024 2223 tela
2087 2174 2207 2224 duci
2268 2176 2623 2236 intentarent3

1556 2249 1882 2298 centuriones
1920 2264 1983 2299 ac
2024 2250 2214 2300 tribuni
2238 2252 2624 2316 providentiam

1557 2324 1702 2373 ducis
1749 2325 2062 2375 laudarent?
2115 2326 2219 2375 imo
2258 2327 2431 2389 potius
2473 2341 2625 2392 coge·-

1557 2407 1691 2463 rent,
1715 2401 2018 2451 retinerent.
2086 2399 2251 2450 Auxit
2281 2401 2435 2450 etiam
2461 2402 2626 2466 suspi»

1558 2480 1925 2545 cionem,quod
1951 2481 2001 2528 in
2026 2481 2163 2530 Flor.
2188 2495 2283 2543 pro
2308 2481 2626 2546 laudantibus,

1556 2556 1621 2604 sit
1647 2556 1852 2617 landari,
1884 2562 1945 2604 ut
1982 2555 2163 2604 eadem
2206 2556 2362 2604 verba
2399 2571 2516 2605 cum
2547 2571 2624 2605 se-

1559 2631 1852 2695 quentibus.
1885 2631 1957 2680 At
1984 2631 2118 2694 quod
2141 2631 2349 2680 Tacitus
2375 2632 2466 2691 ait,
2484 2646 2627 2695 spre-

1560 2713 1641 2756 tos
1664 2705 1992 2755 centuriones
2028 2721 2089 2756 ac
2129 2706 2379 2769 tribunos,
2402 2722 2530 2756 cave
2553 2709 2627 2757 in-

1562 2783 1784 2845 telligas,
1821 2789 2046 2845 spretos,
2091 2782 2212 2831 dum
2266 2784 2519 2833 militibus
2569 2797 2626 2833 se

1560 2866 1915 2922 opponerent:
1958 2860 2050 2909 sed
2077 2860 2415 2923 interpretor,
2440 2860 2628 2909 milites

1559 2936 1689 2984 nibil
1730 2935 1932 2984 illorum
1978 2937 2193 2985 ductum
2243 2945 2491 2999 moratos,
2532 2935 2627 2986 sed

1560 3010 1700 3073 ipsos
1745 3010 1954 3060 sibimet
1998 3010 2198 3060 itineris
2244 3012 2403 3061 duces
2448 3010 2628 3061 fuisse.

1561 3085 1786 3135 Picheua.
1855 3085 2085 3135 Pedibus
2126 3085 2385 3135 descendo
2430 3087 2481 3134 in
2516 3100 2631 3135 sen-

1563 3161 1780 3210 tentiam
1819 3161 2085 3223 Pielienae,
2122 3162 2351 3224 putantis
2377 3161 2629 3225 posterio-

1566 3253 1649 3288 res
1684 3254 1838 3289 voces
1875 3248 1980 3290 tres
2005 3240 2122 3289 heic
2145 3254 2261 3288 esse
2285 3254 2315 3288 a
2338 3240 2529 3302 glossa,
2555 3240 2631 3287 in-

1566 3316 1817 3380 culcatas,
1838 3331 1903 3365 ex
1924 3316 2005 3377 iis,
2027 3330 2142 3379 quie
2169 3316 2321 3378 paulo
2338 3322 2456 3377 post
2477 3314 2634 3379 subji-

1567 3392 1787 3444 ciuntur.
1854 3393 1958 3443 Sed
1982 3399 2035 3441 et
2058 3392 2278 3456 amplius
2300 3391 2467 3453 addo;
2491 3390 2631 3441 idem

1567 3468 1842 3518 dicendum
1868 3468 2032 3517 videri
2063 3468 2130 3516 de
2170 3468 2332 3516 tribus
2357 3467 2529 3518 verbis
2552 3480 2629 3516 re-

1565 3544 1749 3607 liquis:
1787 3552 1930 3593 certe
1955 3552 2160 3606 spretos
2191 3543 2517 3592 centuriones
2542 3543 2634 3592 tri-

1568 3618 1853 3684 bunosque,
1896 3620 2019 3684 qnid
2060 3634 2269 3669 monere
2296 3635 2424 3684 opus
2464 3620 2640 3669 militi·

1568 3696 1661 3746 bus
1686 3696 1788 3745 vim
1830 3695 2208 3745 intentantibus
2245 3710 2441 3745 summo
2476 3696 2634 3746 eliam

1568 3772 1725 3821 duci?
1762 3772 2014 3821 Gnatam.

1636 3848 1736 3904 Qua·
1784 3864 1872 3911 pro
1925 3847 2133 3910 Othone]
2188 3848 2455 3896 Mercerus
2492 3845 2636 3911 inge-

1569 3924 1742 3974 niose:
1777 3924 1891 3987 quin
1924 3926 2190 3987 proditivne
2221 3923 2453 3971 accitum.-
2487 3923 2636 3987 quasi

1570 4001 1623 4050 id
1666 4003 1860 4050 crimen
1915 4002 2184 4062 Spurinna*
2226 3999 2533 4062 objecerint,
2575 4004 2637 4049 ut

1573 4087 1651 4127 est
1677 4078 1728 4126 in
1754 4078 2055 4126 Plutarcho.
2124 4076 2332 4138 Lipsius.

1640 4154 1771 4210 Quin
1806 4168 1893 4216 pro
1939 4154 2124 4201 Othone
2156 4157 2205 4200 ct
2246 4149 2445 4199 accitum
2491 4150 2677 4207 Coeei,
2730 4122 2748 4130 η

1570 4230 1707 4294 nam]
1784 4230 2019 4293 Fortasse
2072 4226 2367 4292 legendum,
2420 4224 2501 4288 qui
2548 4202 2649 4289 pm*
2694 4216 2725 4255 ⁸-
2828 4222 2835 4229 ·

1577 4304 1764 4354 Othone
1798 4305 1944 4355 etiam
1964 4303 2167 4354 accitum
2198 4302 2467 4367 Coeuinqm.-
2486 4348 2490 4352 Α
2506 4300 2639 4350 Rae-

1930 4543 1965 4567 N
