3050 4867
36 906 45 944 n..
30 812 47 849 ἶ
30 712 47 751 a
30 518 48 655 i...··-

30 1872 31 1881 ⁴
30 1790 39 1829 ⁸*-
30 1692 39 1731 -u-
30 1598 35 1631 ’τ-
29 1498 37 1533 1-
30 1398 41 1435 -ι
30 1300 41 1335 -ι
30 1202 43 1261 ’Ἦ
29 1104 45 1141 -

1160 364 1227 411 o.
1271 365 1337 412 c.
1382 365 1667 414 ‘morra
2327 351 2501 421 4521

384 509 589 589 ringis,
625 516 799 572 1515.
844 511 981 572 Kal.
1034 511 1275 570 Martii!
1302 513 1497 572 Editio
1526 533 1659 573 rara
1686 523 1743 573 et
1775 512 1962 575 nitida
1985 513 2201 574 chartis
2228 533 2298 574 ac
2325 515 2500 595 typis.

385 606 594 666 Editor
630 606 808 665 libros
852 622 917 666 V.
965 627 1034 665 ex
1076 606 1298 666 Codice
1325 608 1560 668 Corbei.
1589 608 1799 679 edidit,
1850 610 1910 667 in
1963 610 2202 687 reliquis
2231 610 2502 670 Puteola-

384 721 521 762 num
566 713 823 762 secutus.
868 701 962 763 Cf.
1013 702 1305 762 Maittaire
1327 703 1547 763 Annal.
1604 715 1731 783 typ.
1769 704 1847 765 T.
1878 721 1956 765 11.
1988 724 2051 783 p.
2081 704 2220 766 266.
2264 706 2352 764 Ex
2388 705 2501 767 hac

382 809 566 858 matre
593 797 688 859 ed.
721 811 872 859 natae
899 810 1036 859 sunt
1062 809 1122 859 4.
1153 797 1322 858 filiae:

314 901 466 963 1517
511 894 989 967 Mediolanensis,
1047 905 1104 956 8.
1162 916 1335 973 quam
1383 917 1453 955 ex
1502 898 1681 974 priori
1711 896 1870 956 dedit
1904 897 2072 957 Alex.
2105 897 2497 972 Minucianus,

384 992 634 1070 Apulus,
668 1000 903 1072 typogr.
961 1001 1024 1051 et
1068 992 1197 1052 hist.
1252 991 1416 1051 Prof.
1474 994 1721 1052 Mediol.
1772 993 1988 1071 passim
2034 992 2400 1054 emendatam
2442 1005 2504 1055 et

384 1088 572 1148 Andr.
606 1089 815 1148 Alciati
843 1087 991 1148 notis
1018 1099 1275 1148 auctam.

314 1190 478 1255 1519
519 1185 859 1245 Basileensis
889 1202 937 1245 1.
993 1185 1096 1245 fol.
1176 1192 1193 1218 ‘
1221 1186 1291 1244 P.
1359 1184 1619 1245 Cornelii
1671 1184 1868 1244 Taciti
1923 1183 2184 1244 Historia
2235 1188 2503 1265 Augusta

384 1281 679 1357 actionum
736 1282 1121 1343 diurnalium:
1183 1281 1398 1342 additis
1453 1283 1713 1360 quinque
1756 1281 1923 1342 libris
1967 1281 2192 1342 noviter
2235 1282 2501 1343 inventis.

382 1377 635 1436 Andreae
662 1379 877 1439 Alciati
928 1379 1379 1440 Mediolanensis
1416 1380 1473 1438 in
1503 1379 1753 1439 eundem
1786 1379 2209 1439 annotationes.
2237 1380 2330 1438 De
2359 1378 2497 1449 situ,

384 1474 661 1545 moribus,
693 1485 752 1533 et
796 1477 1033 1555 populis
1063 1477 1395 1536 Germaniae
1422 1476 1694 1536 libellusz
1723 1476 1928 1535 eodem
1957 1478 2134 1536 Corn.
2161 1477 2378 1537 Tacito
2404 1496 2507 1536 au-

390 1579 538 1629 tore.
582 1571 869 1646 Ejusdem
901 1571 1187 1650 dialogus,
1239 1593 1310 1632 an
1341 1574 1431 1632 sui
1458 1573 1645 1633 seculi
1686 1581 1946 1633 oratores
1973 1573 2398 1652 antiquioribus
2441 1583 2502 1632 et

382 1683 561 1740 quare
617 1666 968 1725 concedant.
1019 1669 1130 1727 Cu.
1180 1669 1320 1728 Julii
1353 1669 1640 1747 Agricolas
1689 1670 1809 1728 vita
1861 1689 1968 1748 per
1993 1671 2264 1729 eundem.
2323 1670 2500 1749 Apud

386 1759 667 1839 inclytam
720 1763 1006 1821 Basileam
1048 1784 1120 1821 ex
1178 1763 1415 1823 officina
1468 1766 1565 1824 Jo.
1623 1766 1913 1837 Frobenii,
1963 1785 2160 1825 mense
2216 1768 2367 1844 Aug.
2422 1771 2499 1825 A.

388 1865 581 1926 1519.’
624 1857 820 1916 Editio
859 1858 1178 1937 elegantior
1223 1861 1538 1939 prioribus.
1567 1860 1813 1946 Curavit
1843 1861 2075 1940 quidem
2107 1863 2320 1921 Beatus
2348 1862 2503 1921 Rhe-

382 1972 585 2023 nanus,
618 1956 717 2014 sed
750 1955 963 2015 Alciati
991 1957 1276 2015 nonnullis
1325 1957 1544 2016 dicitnr
1589 1957 1669 2016 ob
1724 1956 1956 2016 additas
1981 1958 2116 2034 ejus
2140 1966 2203 2017 et
2231 1957 2501 2018 Beroaldi

389 2050 701 2109 observatt.
749 2050 1016 2109 Imitatur
1057 2070 1123 2110 ea
1181 2052 1620 2122 Beroaldinam;
1665 2053 1769 2112 sed
1799 2052 2032 2111 libellus
2080 2051 2154 2111 de
2184 2053 2501 2112 Germania

380 2145 596 2205 dicitur
621 2165 656 2203 a
706 2146 1053 2224 prodigiosis
1085 2148 1300 2207 mendis
1328 2157 1667 2227 repurgatus
1715 2167 1818 2226 per
1869 2151 2114 2209 Beatum
2143 2149 2386 2208 Rhenan
2455 2168 2514 2209 m

381 2242 668 2302 beneficio
700 2242 937 2302 Codicis
964 2243 1319 2302 vetustiori&
1368 2242 1463 2302 Cf.
1496 2242 1791 2303 Maittaire
1818 2244 2034 2303 Annal.
2059 2243 2137 2303 Τ.
2166 2260 2229 2304 v.
2260 2244 2393 2305 Vol.
2420 2260 2496 2306 11.

306 2331 760 2487 15Ξ72ἷιῗι11ἰη3,
784 2425 883 2478 8.‘
913 2420 976 2478 P.
1029 2419 1207 2478 Corn.
1254 2418 1454 2478 Taciti
1509 2419 1588 2478 ab
1634 2437 1881 2477 excessu
1935 2417 2055 2477 divi
2104 2417 2502 2496 Augustihis-

377 2516 652 2574 toriarum
697 2514 825 2574 libri
854 2516 1115 2593 quinque
1162 2535 1351 2594 nuper
1396 2515 1636 2586 inventi,
1680 2523 1861 2591 atque
1907 2534 2040 2574 cum
2088 2513 2326 2593 reliquis
2366 2514 2499 2592 ejus

376 2610 650 2689 operibns
703 2611 955 2669 maxima
1003 2611 1296 2691 diligentia
1351 2611 1572 2670 excusi.
1670 2609 1976 2669 Florentiae
2056 2629 2163 2688 per
2238 2610 2497 2671 haeredes

376 2707 633 2784 Philippi
675 2708 893 2779 Juntae,
953 2710 1028 2767 A.
1083 2710 1162 2768 D.
1214 2716 1389 2777 1527.
1434 2707 1645 2768 mensis
1702 2705 1847 2769 Maii
1896 2704 1992 2765 die
2047 2706 2496 2767 xxn.’Textus

379 2804 647 2863 Beroaldi
681 2803 972 2864 interdum
1005 2815 1308 2865 correctus
1335 2805 1411 2864 ab
1442 2806 1592 2864 Ant.
1615 2804 1819 2864 Franc.
1849 2800 2213 2863 Varchiensi.

302 2905 455 2960 1552
500 2900 849 2972 Florentius,
876 2910 934 2962 8.

981 3216 1207 3277 AETAS
1256 3230 1367 3274 111.
1413 3214 1523 3273 RH
1535 3212 1814 3272 ENANI.

301 3465 457 3519 1533
498 3452 761 3515 Rhenani
806 3468 854 3511 1.
896 3460 956 3510 et
986 3450 1165 3510 Basil.
1196 3465 1270 3510 ιι.
1303 3448 1409 3508 fol.
1444 3448 1543 3508 ⁸1³.
1592 3449 1770 3507 Corn.
1799 3445 2000 3506 Taciti
2050 3445 2267 3523 equitis
2317 3444 2492 3504 Rom.

375 3550 687 3612 Annalium
728 3548 805 3608 ab
852 3567 1096 3607 excessu
1138 3546 1408 3631 Augusti,
1463 3547 1617 3605 sicut
1659 3546 1788 3622 ipse
1829 3553 2026 3612 vocat,
2070 3543 2189 3603 sive
2218 3542 2492 3602 Historia

372 3652 680 3725 Augustae,
733 3646 837 3724 qui
890 3643 1065 3719 vulgo
1119 3651 1392 3720 receptus
1449 3642 1657 3701 titulus
1714 3651 1825 3710 est,
1868 3640 2002 3700 libri
2057 3640 2329 3710 sedecim,
2387 3639 2492 3716 qui

374 3754 714 3824 supersunt,
765 3743 979 3820 partim
1026 3737 1184 3799 haud
1254 3738 1582 3797 oscitanter
1646 3737 1909 3815 perlecti,
1977 3737 2212 3812 partim,
2284 3753 2492 3812 nempe

371 3842 741 3920 posteriores,
795 3836 871 3898 ad
917 3836 1216 3914 exemplar
1270 3833 1730 3909 manuscriptum
1787 3831 2070 3908 recogniti
2113 3850 2320 3907 magna
2350 3829 2489 3907 fide,

372 3955 484 3995 nec
518 3937 739 3992 minore
768 3930 1026 4007 judicio,
1085 3949 1190 4008 per
1242 3930 1492 3989 Beatum
1551 3926 1915 3987 Rhenanum.
1964 3926 2126 3985 Nihil
2178 3926 2273 3985 hic
2325 3924 2487 4004 fingi,

372 4030 681 4091 docebunt
720 4029 1130 4108 castigationes
1183 4028 1305 4087 suis
1361 4043 1615 4104 quaeque
1655 4024 1821 4083 libris
1874 4020 2120 4081 additae.
2230 4020 2489 4081 Libellus

374 4128 438 4190 J.
500 4127 700 4207 Lipsio
751 4124 1049 4186 emendati
1095 4132 1157 4184 et
1209 4120 1508 4183 illustrati.
1566 4117 1933 4198 Antverpiae‚
2005 4136 2080 4176 ex
2144 4115 2302 4177 offic.
2345 4102 2486 4178 chr.
