3050 4867
860 581 1247 631 nacansus
1281 581 1820 637 com-munio,
2242 564 2416 630 4561

335 726 439 792 Ex
464 728 593 804 his,
622 727 976 791 levioribus
1003 725 1291 810 quidem,
1321 728 1696 806 conatibus,
1727 727 1813 793 ad
1842 727 2031 792 finem
2061 746 2239 792 nnnc
2267 746 2419 811 per·

250 829 484 909 ductis,
525 831 780 914 patebit
823 828 1080 908 lectori,
1121 827 1343 894 Taciti
1371 849 1596 913 opera,
1635 850 1769 915 quo
1795 831 2014 894 minus
2060 829 2184 893 sub
2232 830 2421 895 initio

249 939 451 997 artem
478 933 1016 1016 typographicam
1046 932 1475 1010 exercuerint,
1519 952 1601 996 eo
1639 933 1850 1016 magis
1876 952 1996 1015 per
2023 950 2230 996 annos
2257 950 2421 1016 pos-

245 1035 532 1112 teriores,
560 1054 830 1099 numero
857 1042 927 1099 et
950 1034 1174 1117 vigore
1202 1040 1590 1112 crescentes,
1622 1054 1773 1099 eam
1800 1035 2230 1115 exercuisse3
2276 1053 2421 1099 om·

247 1134 425 1198 nium
456 1133 749 1218 Operum
776 1133 1098 1201 editiones
1125 1154 1274 1199 esse
1295 1156 1493 1219 quam
1516 1135 1853 1221 plurimas,
1879 1134 2170 1219 Operum
2195 1134 2421 1200 Mino-

249 1257 386 1301 rum
408 1236 762 1316 abundare,
783 1243 849 1303 et
871 1236 1162 1302 Libellos
1190 1237 1274 1301 de
1304 1235 1658 1302 Germania
1686 1257 1979 1303 seorsum
1999 1236 2230 1316 editos,
2248 1258 2421 1322 proe·

247 1340 472 1403 sertim
523 1338 703 1422 apud
759 1337 1148 1418 Germanos,
1210 1359 1482 1405 numero
1535 1359 1685 1403 esse
1729 1341 1917 1415 miro,
1967 1340 2110 1404 sive
2163 1346 2423 1405 textum

252 1439 589 1519 Latinum,
634 1441 777 1505 sive
804 1442 876 1505 in
901 1441 1162 1523 linguas
1209 1440 1500 1506 diversas
1549 1442 2029 1517 conversiones,
2076 1440 2219 1505 sive
2265 1439 2425 1507 Dis-

250 1561 507 1620 cursuS,
594 1540 1137 1619 Commentarios,
1220 1547 1288 1606 et
1363 1541 1865 1621 Annotationes,
1938 1542 2423 1627 contempleris.

251 1643 504 1709 Caveat
532 1663 705 1721 vero,
749 1662 1118 1727 precamur,
1162 1643 1365 1708 lector
1404 1643 1642 1730 (immo
1690 1645 1887 1710 nobis
1929 1663 2063 1709 non
2103 1646 2427 1729 precanti·

251 1748 379 1812 bus
409 1743 700 1830 cavebit)
738 1766 823 1811 ne
852 1752 1038 1830 putet
1064 1767 1192 1812 nos
1222 1749 1462 1827 omnia,
1487 1768 1641 1833 quae
1668 1750 1751 1814 de
1775 1747 1996 1814 Taciti
2021 1747 2427 1815 editionibus

250 1849 534 1915 dicenda
576 1853 816 1927 essent,
862 1846 1138 1913 dixisse.
1242 1846 1461 1914 Multa
1503 1850 1940 1934 proculdubio
1984 1855 2234 1916 restant
2273 1869 2426 1934 qnoe

244 1970 365 2036 per
391 1969 630 2016 manns
657 1958 918 2016 nostras
949 1952 1468 2033 transvolamnt3
1510 1958 1587 2017 nt
1624 1971 1750 2038 pro
1790 1961 1972 2017 certo
2000 1972 2197 2035 quam
2226 1950 2431 2036 pluri·

251 2073 364 2128 ma
401 2072 519 2137 per
568 2051 1069 2137 Bipontinorum
1114 2054 1694 2118 transvolaverunt.
1783 2053 1890 2119 De
1934 2052 2430 2119 Dissertationi·

251 2155 389 2221 bns
419 2161 490 2218 et
516 2151 1079 2221 Annotationibns
1101 2173 1395 2219 seorsum
1414 2153 1614 2219 editis
1641 2155 1832 2238 plura
1855 2155 2082 2220 forsan
2105 2153 2431 2238 protrusi·

253 2275 414 2322 mus
439 2275 639 2339 quam
667 2274 818 2340 qnoe
848 2256 1058 2321 nostri
1085 2264 1306 2322 essent
1320 2255 1541 2322 officii.
1619 2254 1766 2321 Nec
1794 2274 2064 2321 necesse
2084 2261 2189 2321 est
2213 2255 2432 2321 dica-e

250 2359 463 2424 multa
506 2356 960 2445 hujuscemodi
1014 2378 1138 2425 nos
1192 2360 1534 2443 effugisse:
1607 2359 1809 2424 immo
1858 2376 2080 2443 pauca
2126 2357 2433 2441 qnoedam

251 2460 442 2543 nigra
467 2465 626 2525 nota
652 2478 696 2525 a
719 2459 884 2525 viris
911 2460 1126 2527 doctis
1161 2462 1438 2545 signata,
1479 2465 1546 2525 et
1587 2459 1832 2525 nostris
1858 2459 2071 2524 oculis
2116 2478 2249 2524 non
2276 2459 2432 2523 sub·

243 2560 459 2645 jecta,
501 2579 635 2626 non
669 2560 811 2625 sine
839 2562 1147 2642 consilio,
1190 2564 1489 2644 fatemur,
1534 2562 2090 2648 praetermisimus,

402 4497 571 4566 W
601 4504 651 4550 et
678 4498 791 4552 Vn.
824 4500 951 4552 cta.
1275 4498 1422 4551 Μ.
2182 4500 2239 4546 ιι
2275 4494 2324 4546 K
