<?xml version="1.0" encoding="UTF-8"?>
<!DOCTYPE html PUBLIC "-//W3C//DTD XHTML 1.0 Transitional//EN"
    "http://www.w3.org/TR/xhtml1/DTD/xhtml1-transitional.dtd">
<html xmlns="http://www.w3.org/1999/xhtml" xml:lang="en" lang="en">
 <head>
  <title>
</title>
<meta http-equiv="Content-Type" content="text/html;charset=utf-8" />
  <meta name='ocr-system' content='tesseract 3.04.00' />
  <meta name='ocr-capabilities' content='ocr_page ocr_carea ocr_par ocr_line ocrx_word'/>
</head>
<body>
  <div class='ocr_page' id='page_1' title='image "./operaomnia07tacigoog_0761.png"; bbox 0 0 3050 4867; ppageno 0'>
   <div class='ocr_carea' id='block_1_1' title="bbox 1132 386 2491 479">
    <p class='ocr_par' dir='ltr' id='par_1_1' title="bbox 1132 386 2491 479">
     <span class='ocr_line' id='line_1_1' title="bbox 1132 386 2491 479; baseline 0.001 -25"><span class='ocrx_word' id='word_1_1' title='bbox 1132 406 1195 455; x_wconf 85' lang='lat' dir='ltr'>c.</span> <span class='ocrx_word' id='word_1_2' title='bbox 1241 406 1306 454; x_wconf 84' lang='lat' dir='ltr'>c.</span> <span class='ocrx_word' id='word_1_3' title='bbox 1352 406 1634 455; x_wconf 72' lang='grc' dir='ltr'><strong>τΑοιτι.</strong></span> <span class='ocrx_word' id='word_1_4' title='bbox 2159 469 2169 479; x_wconf 37' lang='grc'><strong>.</strong></span> <span class='ocrx_word' id='word_1_5' title='bbox 2316 386 2491 455; x_wconf 72' lang='grc'>4523</span> 
     </span>
    </p>
   </div>
   <div class='ocr_carea' id='block_1_2' title="bbox 294 553 2527 3995">
    <p class='ocr_par' dir='ltr' id='par_1_2' title="bbox 374 553 2492 1094">
     <span class='ocr_line' id='line_1_2' title="bbox 374 553 2492 633; baseline 0 -19"><span class='ocrx_word' id='word_1_6' title='bbox 374 555 652 625; x_wconf 83' lang='lat' dir='ltr'>Plautini,</span> <span class='ocrx_word' id='word_1_7' title='bbox 701 562 874 622; x_wconf 78' lang='grc'><strong>1574.</strong></span> <span class='ocrx_word' id='word_1_8' title='bbox 928 554 1348 614; x_wconf 85' lang='lat' dir='ltr'>Commentarii</span> <span class='ocrx_word' id='word_1_9' title='bbox 1377 556 1618 614; x_wconf 87' lang='lat' dir='ltr'>seorsim</span> <span class='ocrx_word' id='word_1_10' title='bbox 1678 553 2022 633; x_wconf 87' lang='lat' dir='ltr'>prodierunt</span> <span class='ocrx_word' id='word_1_11' title='bbox 2072 573 2168 614; x_wconf 79' lang='lat' dir='ltr'>an.</span> <span class='ocrx_word' id='word_1_12' title='bbox 2226 563 2399 617; x_wconf 91' lang='grc'><strong>1580.</strong></span> <span class='ocrx_word' id='word_1_13' title='bbox 2428 564 2492 615; x_wconf 88' lang='lat' dir='ltr'>et</span> 
     </span>
     <span class='ocr_line' id='line_1_3' title="bbox 376 649 2489 729; baseline 0 -19"><span class='ocrx_word' id='word_1_14' title='bbox 376 672 537 711; x_wconf 78' lang='lat' dir='ltr'>curae</span> <span class='ocrx_word' id='word_1_15' title='bbox 566 649 839 710; x_wconf 78' lang='lat' dir='ltr'>securidae</span> <span class='ocrx_word' id='word_1_16' title='bbox 870 658 1041 712; x_wconf 85' lang='grc'><strong>1581.</strong></span> <span class='ocrx_word' id='word_1_17' title='bbox 1068 668 1141 709; x_wconf 84' lang='lat' dir='ltr'>ex</span> <span class='ocrx_word' id='word_1_18' title='bbox 1169 649 1372 710; x_wconf 85' lang='lat' dir='ltr'>eadem</span> <span class='ocrx_word' id='word_1_19' title='bbox 1403 649 1560 710; x_wconf 87' lang='lat' dir='ltr'>offic.</span> <span class='ocrx_word' id='word_1_20' title='bbox 1607 650 1663 710; x_wconf 89' lang='lat' dir='ltr'>Is</span> <span class='ocrx_word' id='word_1_21' title='bbox 1691 669 1847 722; x_wconf 74' lang='lat' dir='ltr'>vero,</span> <span class='ocrx_word' id='word_1_22' title='bbox 1875 650 2097 710; x_wconf 86' lang='lat' dir='ltr'>Tacito</span> <span class='ocrx_word' id='word_1_23' title='bbox 2124 650 2319 711; x_wconf 82' lang='lat' dir='ltr'>denuo</span> <span class='ocrx_word' id='word_1_24' title='bbox 2347 660 2489 729; x_wconf 88' lang='lat' dir='ltr'>post</span> 
     </span>
     <span class='ocr_line' id='line_1_4' title="bbox 380 744 2489 823; baseline 0 -17"><span class='ocrx_word' id='word_1_25' title='bbox 380 747 725 808; x_wconf 86' lang='lat' dir='ltr'>Rhenanum</span> <span class='ocrx_word' id='word_1_26' title='bbox 752 768 825 807; x_wconf 83' lang='lat' dir='ltr'>ex</span> <span class='ocrx_word' id='word_1_27' title='bbox 867 749 1016 808; x_wconf 84' lang='lat' dir='ltr'>Mss.</span> <span class='ocrx_word' id='word_1_28' title='bbox 1063 757 1124 807; x_wconf 90' lang='lat' dir='ltr'>et</span> <span class='ocrx_word' id='word_1_29' title='bbox 1165 747 1303 807; x_wconf 89' lang='lat' dir='ltr'>edd.</span> <span class='ocrx_word' id='word_1_30' title='bbox 1349 755 1492 807; x_wconf 84' lang='lat' dir='ltr'>vett.</span> <span class='ocrx_word' id='word_1_31' title='bbox 1537 744 2005 823; x_wconf 81' lang='lat' dir='ltr'>recognoscendo</span> <span class='ocrx_word' id='word_1_32' title='bbox 2045 756 2104 805; x_wconf 90' lang='lat' dir='ltr'>et</span> <span class='ocrx_word' id='word_1_33' title='bbox 2131 756 2489 806; x_wconf 89' lang='lat' dir='ltr'>commenta-</span> 
     </span>
     <span class='ocr_line' id='line_1_5' title="bbox 375 841 2489 921; baseline -0 -19"><span class='ocrx_word' id='word_1_34' title='bbox 375 843 475 902; x_wconf 85' lang='lat' dir='ltr'>riis</span> <span class='ocrx_word' id='word_1_35' title='bbox 525 842 893 915; x_wconf 86' lang='lat' dir='ltr'>illustrando,</span> <span class='ocrx_word' id='word_1_36' title='bbox 923 842 1283 914; x_wconf 85' lang='lat' dir='ltr'>immortalis,</span> <span class='ocrx_word' id='word_1_37' title='bbox 1330 841 1612 921; x_wconf 81' lang='lat' dir='ltr'>praevenit</span> <span class='ocrx_word' id='word_1_38' title='bbox 1652 843 1974 913; x_wconf 75' lang='lat' dir='ltr'>Mul-etum,</span> <span class='ocrx_word' id='word_1_39' title='bbox 2030 843 2206 920; x_wconf 83' lang='lat' dir='ltr'>cujus</span> <span class='ocrx_word' id='word_1_40' title='bbox 2235 851 2392 903; x_wconf 76' lang='lat' dir='ltr'>notae</span> <span class='ocrx_word' id='word_1_41' title='bbox 2429 843 2489 901; x_wconf 89' lang='lat' dir='ltr'>in</span> 
     </span>
     <span class='ocr_line' id='line_1_6' title="bbox 374 937 2489 1016; baseline 0.002 -20"><span class='ocrx_word' id='word_1_42' title='bbox 374 937 555 997; x_wconf 86' lang='lat' dir='ltr'>libros</span> <span class='ocrx_word' id='word_1_43' title='bbox 597 938 820 1016; x_wconf 75' lang='lat' dir='ltr'>priores</span> <span class='ocrx_word' id='word_1_44' title='bbox 850 938 1062 998; x_wconf 88' lang='lat' dir='ltr'>Annal.</span> <span class='ocrx_word' id='word_1_45' title='bbox 1091 937 1436 1016; x_wconf 85' lang='lat' dir='ltr'>prodierunt</span> <span class='ocrx_word' id='word_1_46' title='bbox 1482 937 1687 996; x_wconf 65' lang='lat' dir='ltr'>Romae</span> <span class='ocrx_word' id='word_1_47' title='bbox 1719 945 1897 998; x_wconf 89' lang='grc'><strong>1580.</strong></span> <span class='ocrx_word' id='word_1_48' title='bbox 1934 947 1994 998; x_wconf 88' lang='lat' dir='ltr'>et</span> <span class='ocrx_word' id='word_1_49' title='bbox 2041 939 2279 1016; x_wconf 81' lang='lat' dir='ltr'>Ingolst.</span> <span class='ocrx_word' id='word_1_50' title='bbox 2313 937 2489 1000; x_wconf 80' lang='lat'>1604.</span> 
     </span>
     <span class='ocr_line' id='line_1_7' title="bbox 375 1032 751 1094; baseline 0.003 -1"><span class='ocrx_word' id='word_1_51' title='bbox 375 1040 436 1093; x_wconf 81' lang='lat' dir='ltr'>et</span> <span class='ocrx_word' id='word_1_52' title='bbox 469 1032 646 1093; x_wconf 85' lang='lat'>1608.</span> <span class='ocrx_word' id='word_1_53' title='bbox 692 1042 751 1094; x_wconf 83' lang='lat'>8.</span> 
     </span>
    </p>

    <p class='ocr_par' dir='ltr' id='par_1_3' title="bbox 316 1128 2495 1783">
     <span class='ocr_line' id='line_1_8' title="bbox 316 1128 2492 1209; baseline 0 -18"><span class='ocrx_word' id='word_1_54' title='bbox 316 1128 473 1200; x_wconf 88' lang='grc'><strong>1576</strong></span> <span class='ocrx_word' id='word_1_55' title='bbox 512 1129 868 1209; x_wconf 77' lang='lat' dir='ltr'>Grypbiana</span> <span class='ocrx_word' id='word_1_56' title='bbox 923 1145 987 1189; x_wconf 73' lang='lat' dir='ltr'>v,</span> <span class='ocrx_word' id='word_1_57' title='bbox 1034 1139 1130 1191; x_wconf 82' lang='lat'>12.</span> <span class='ocrx_word' id='word_1_58' title='bbox 1192 1149 1264 1189; x_wconf 85' lang='lat' dir='ltr'>ex</span> <span class='ocrx_word' id='word_1_59' title='bbox 1311 1128 1498 1207; x_wconf 85' lang='lat' dir='ltr'>prima</span> <span class='ocrx_word' id='word_1_60' title='bbox 1555 1129 1740 1207; x_wconf 87' lang='lat' dir='ltr'>Lipsii</span> <span class='ocrx_word' id='word_1_61' title='bbox 1787 1147 2090 1208; x_wconf 82' lang='lat' dir='ltr'>expressa.</span> <span class='ocrx_word' id='word_1_62' title='bbox 2147 1140 2165 1165; x_wconf 79' lang='lat'><strong><em>⁴</em></strong></span> <span class='ocrx_word' id='word_1_63' title='bbox 2186 1131 2254 1192; x_wconf 86' lang='lat' dir='ltr'>C.</span> <span class='ocrx_word' id='word_1_64' title='bbox 2311 1131 2492 1192; x_wconf 86' lang='lat' dir='ltr'>Corn.</span> 
     </span>
     <span class='ocr_line' id='line_1_9' title="bbox 374 1225 2495 1305; baseline 0.001 -20"><span class='ocrx_word' id='word_1_65' title='bbox 374 1225 570 1285; x_wconf 81' lang='lat' dir='ltr'>Taciti</span> <span class='ocrx_word' id='word_1_66' title='bbox 589 1225 801 1285; x_wconf 82' lang='lat' dir='ltr'>Annal.</span> <span class='ocrx_word' id='word_1_67' title='bbox 829 1235 890 1285; x_wconf 91' lang='lat' dir='ltr'>et</span> <span class='ocrx_word' id='word_1_68' title='bbox 917 1226 1067 1285; x_wconf 86' lang='lat' dir='ltr'>Hist.</span> <span class='ocrx_word' id='word_1_69' title='bbox 1112 1226 1260 1295; x_wconf 82' lang='lat' dir='ltr'>libri,</span> <span class='ocrx_word' id='word_1_70' title='bbox 1290 1226 1389 1304; x_wconf 87' lang='lat' dir='ltr'>qui</span> <span class='ocrx_word' id='word_1_71' title='bbox 1416 1234 1668 1296; x_wconf 78' lang='lat' dir='ltr'>exstant,</span> <span class='ocrx_word' id='word_1_72' title='bbox 1691 1227 1726 1286; x_wconf 89' lang='lat' dir='ltr'>J</span> <span class='ocrx_word' id='word_1_73' title='bbox 1734 1226 1846 1285; x_wconf 88' lang='lat' dir='ltr'>usti</span> <span class='ocrx_word' id='word_1_74' title='bbox 1873 1226 2055 1305; x_wconf 85' lang='lat' dir='ltr'>Lipsii</span> <span class='ocrx_word' id='word_1_75' title='bbox 2076 1227 2276 1287; x_wconf 83' lang='lat' dir='ltr'>studio</span> <span class='ocrx_word' id='word_1_76' title='bbox 2302 1247 2495 1288; x_wconf 85' lang='lat' dir='ltr'>emen-</span> 
     </span>
     <span class='ocr_line' id='line_1_10' title="bbox 374 1319 2493 1404; baseline 0.001 -23"><span class='ocrx_word' id='word_1_77' title='bbox 374 1319 504 1381; x_wconf 85' lang='lat' dir='ltr'>dati</span> <span class='ocrx_word' id='word_1_78' title='bbox 529 1329 588 1379; x_wconf 84' lang='lat' dir='ltr'>et</span> <span class='ocrx_word' id='word_1_79' title='bbox 614 1320 902 1381; x_wconf 86' lang='lat' dir='ltr'>illustrati.</span> <span class='ocrx_word' id='word_1_80' title='bbox 951 1321 1157 1399; x_wconf 85' lang='lat' dir='ltr'>Ejusd.</span> <span class='ocrx_word' id='word_1_81' title='bbox 1199 1323 1352 1381; x_wconf 87' lang='lat' dir='ltr'>Tac.</span> <span class='ocrx_word' id='word_1_82' title='bbox 1409 1321 1557 1381; x_wconf 84' lang='lat' dir='ltr'>liber</span> <span class='ocrx_word' id='word_1_83' title='bbox 1583 1323 1659 1382; x_wconf 91' lang='lat' dir='ltr'>de</span> <span class='ocrx_word' id='word_1_84' title='bbox 1689 1342 1833 1382; x_wconf 89' lang='lat' dir='ltr'>mor.</span> <span class='ocrx_word' id='word_1_85' title='bbox 1880 1324 2083 1383; x_wconf 82' lang='lat' dir='ltr'><strong>Germ.</strong></span> <span class='ocrx_word' id='word_1_86' title='bbox 2134 1324 2274 1384; x_wconf 89' lang='lat' dir='ltr'>Julii</span> <span class='ocrx_word' id='word_1_87' title='bbox 2325 1325 2493 1404; x_wconf 82' lang='lat' dir='ltr'>Agri·</span> 
     </span>
     <span class='ocr_line' id='line_1_11' title="bbox 375 1416 2488 1497; baseline 0.002 -21"><span class='ocrx_word' id='word_1_88' title='bbox 375 1417 525 1476; x_wconf 81' lang='lat' dir='ltr'>colae</span> <span class='ocrx_word' id='word_1_89' title='bbox 576 1416 718 1476; x_wconf 83' lang='lat' dir='ltr'>vita.</span> <span class='ocrx_word' id='word_1_90' title='bbox 743 1416 960 1477; x_wconf 82' lang='lat' dir='ltr'>Incerti</span> <span class='ocrx_word' id='word_1_91' title='bbox 987 1418 1285 1497; x_wconf 87' lang='lat' dir='ltr'>scriptoris</span> <span class='ocrx_word' id='word_1_92' title='bbox 1334 1417 1491 1478; x_wconf 84' lang='lat' dir='ltr'>Dial.</span> <span class='ocrx_word' id='word_1_93' title='bbox 1518 1417 1594 1476; x_wconf 93' lang='lat' dir='ltr'>de</span> <span class='ocrx_word' id='word_1_94' title='bbox 1641 1420 1836 1477; x_wconf 87' lang='lat' dir='ltr'>Oratt.</span> <span class='ocrx_word' id='word_1_95' title='bbox 1876 1418 1965 1477; x_wconf 85' lang='lat' dir='ltr'>sui</span> <span class='ocrx_word' id='word_1_96' title='bbox 1992 1420 2289 1497; x_wconf 83' lang='lat' dir='ltr'>temporis.</span> <span class='ocrx_word' id='word_1_97' title='bbox 2335 1420 2488 1480; x_wconf 90' lang='lat' dir='ltr'>Cum</span> 
     </span>
     <span class='ocr_line' id='line_1_12' title="bbox 370 1510 2490 1593; baseline 0.002 -23"><span class='ocrx_word' id='word_1_98' title='bbox 370 1512 685 1572; x_wconf 84' lang='lat' dir='ltr'>notisJusti</span> <span class='ocrx_word' id='word_1_99' title='bbox 708 1513 889 1592; x_wconf 89' lang='lat' dir='ltr'>Lipsii</span> <span class='ocrx_word' id='word_1_100' title='bbox 907 1522 965 1573; x_wconf 89' lang='lat' dir='ltr'>et</span> <span class='ocrx_word' id='word_1_101' title='bbox 981 1515 1269 1574; x_wconf 87' lang='lat' dir='ltr'>Vertranii</span> <span class='ocrx_word' id='word_1_102' title='bbox 1286 1510 1503 1575; x_wconf 89' lang='lat' dir='ltr'>Mauri.</span> <span class='ocrx_word' id='word_1_103' title='bbox 1552 1517 1701 1573; x_wconf 88' lang='lat' dir='ltr'>Acc.</span> <span class='ocrx_word' id='word_1_104' title='bbox 1728 1511 1971 1574; x_wconf 87' lang='lat' dir='ltr'>huiced.</span> <span class='ocrx_word' id='word_1_105' title='bbox 1995 1514 2167 1593; x_wconf 83' lang='lat' dir='ltr'>apell.</span> <span class='ocrx_word' id='word_1_106' title='bbox 2185 1516 2490 1576; x_wconf 78' lang='lat' dir='ltr'>nationum</span> 
     </span>
     <span class='ocr_line' id='line_1_13' title="bbox 371 1606 2497 1689; baseline 0.003 -23"><span class='ocrx_word' id='word_1_107' title='bbox 371 1616 435 1667; x_wconf 88' lang='lat' dir='ltr'>et</span> <span class='ocrx_word' id='word_1_108' title='bbox 449 1606 880 1685; x_wconf 83' lang='lat' dir='ltr'>provinciarum</span> <span class='ocrx_word' id='word_1_109' title='bbox 900 1610 1252 1670; x_wconf 68' lang='lat' dir='ltr'>Germaniae.</span> <span class='ocrx_word' id='word_1_110' title='bbox 1295 1609 1586 1688; x_wconf 80' lang='lat' dir='ltr'>Lugduni,</span> <span class='ocrx_word' id='word_1_111' title='bbox 1613 1629 1712 1688; x_wconf 89' lang='lat' dir='ltr'>ap.</span> <span class='ocrx_word' id='word_1_112' title='bbox 1739 1612 1880 1669; x_wconf 86' lang='lat' dir='ltr'>Ant.</span> <span class='ocrx_word' id='word_1_113' title='bbox 1909 1611 2266 1689; x_wconf 81' lang='lat' dir='ltr'>Gryphium,</span> <span class='ocrx_word' id='word_1_114' title='bbox 2302 1611 2497 1681; x_wconf 91' lang='grc'><strong>1576.’</strong></span> 
     </span>
     <span class='ocr_line' id='line_1_14' title="bbox 378 1703 1797 1783; baseline 0.002 -21"><span class='ocrx_word' id='word_1_115' title='bbox 378 1703 556 1763; x_wconf 77' lang='lat' dir='ltr'>Notae</span> <span class='ocrx_word' id='word_1_116' title='bbox 585 1705 986 1765; x_wconf 63' lang='lat' dir='ltr'>verti-anianae</span> <span class='ocrx_word' id='word_1_117' title='bbox 1013 1705 1291 1765; x_wconf 73' lang='lat' dir='ltr'>admixtas</span> <span class='ocrx_word' id='word_1_118' title='bbox 1319 1714 1455 1765; x_wconf 87' lang='lat' dir='ltr'>sunt</span> <span class='ocrx_word' id='word_1_119' title='bbox 1481 1704 1797 1783; x_wconf 85' lang='lat' dir='ltr'>Lipsianis.</span> 
     </span>
    </p>

    <p class='ocr_par' dir='ltr' id='par_1_4' title="bbox 304 1799 2497 2265">
     <span class='ocr_line' id='line_1_15' title="bbox 304 1799 2494 1880; baseline 0.003 -23"><span class='ocrx_word' id='word_1_120' title='bbox 304 1806 449 1861; x_wconf 88' lang='grc'><strong>1581</strong></span> <span class='ocrx_word' id='word_1_121' title='bbox 499 1799 752 1871; x_wconf 85' lang='lat' dir='ltr'>Parisiis,</span> <span class='ocrx_word' id='word_1_122' title='bbox 807 1799 954 1860; x_wconf 86' lang='lat' dir='ltr'>fol.‘</span> <span class='ocrx_word' id='word_1_123' title='bbox 984 1802 1054 1861; x_wconf 88' lang='lat' dir='ltr'>C.</span> <span class='ocrx_word' id='word_1_124' title='bbox 1086 1801 1265 1861; x_wconf 89' lang='lat' dir='ltr'>Corn.</span> <span class='ocrx_word' id='word_1_125' title='bbox 1321 1801 1519 1861; x_wconf 80' lang='lat' dir='ltr'><strong>Taciti</strong></span> <span class='ocrx_word' id='word_1_126' title='bbox 1576 1801 1807 1880; x_wconf 84' lang='lat' dir='ltr'>Equitis</span> <span class='ocrx_word' id='word_1_127' title='bbox 1855 1801 2104 1861; x_wconf 86' lang='lat' dir='ltr'>Romani</span> <span class='ocrx_word' id='word_1_128' title='bbox 2131 1803 2209 1862; x_wconf 82' lang='lat' dir='ltr'>ab</span> <span class='ocrx_word' id='word_1_129' title='bbox 2246 1822 2494 1864; x_wconf 82' lang='lat' dir='ltr'>excessu</span> 
     </span>
     <span class='ocr_line' id='line_1_16' title="bbox 378 1894 2494 1976; baseline 0.003 -23"><span class='ocrx_word' id='word_1_130' title='bbox 378 1894 517 1955; x_wconf 90' lang='lat' dir='ltr'>Divi</span> <span class='ocrx_word' id='word_1_131' title='bbox 546 1896 803 1974; x_wconf 77' lang='lat' dir='ltr'>Augusti</span> <span class='ocrx_word' id='word_1_132' title='bbox 830 1897 1139 1957; x_wconf 79' lang='lat' dir='ltr'>Annalium</span> <span class='ocrx_word' id='word_1_133' title='bbox 1170 1897 1306 1957; x_wconf 87' lang='lat' dir='ltr'>libri</span> <span class='ocrx_word' id='word_1_134' title='bbox 1334 1908 1591 1975; x_wconf 88' lang='lat' dir='ltr'>quatuor</span> <span class='ocrx_word' id='word_1_135' title='bbox 1620 1897 1866 1976; x_wconf 78' lang='lat' dir='ltr'>priores,</span> <span class='ocrx_word' id='word_1_136' title='bbox 1895 1907 1957 1956; x_wconf 90' lang='lat' dir='ltr'>et</span> <span class='ocrx_word' id='word_1_137' title='bbox 1981 1898 2039 1955; x_wconf 91' lang='lat' dir='ltr'>in</span> <span class='ocrx_word' id='word_1_138' title='bbox 2063 1898 2172 1957; x_wconf 86' lang='lat' dir='ltr'>hos</span> <span class='ocrx_word' id='word_1_139' title='bbox 2214 1899 2494 1960; x_wconf 82' lang='lat' dir='ltr'>observa-</span> 
     </span>
     <span class='ocr_line' id='line_1_17' title="bbox 378 1991 2493 2072; baseline 0.002 -22"><span class='ocrx_word' id='word_1_140' title='bbox 378 1991 561 2051; x_wconf 80' lang='lat' dir='ltr'>tiones</span> <span class='ocrx_word' id='word_1_141' title='bbox 614 1992 813 2053; x_wconf 86' lang='lat' dir='ltr'>Caroli</span> <span class='ocrx_word' id='word_1_142' title='bbox 856 1994 1138 2054; x_wconf 82' lang='lat' dir='ltr'>Paschalii</span> <span class='ocrx_word' id='word_1_143' title='bbox 1166 1994 1464 2054; x_wconf 87' lang='lat' dir='ltr'>Cuneatis.</span> <span class='ocrx_word' id='word_1_144' title='bbox 1517 1995 1700 2055; x_wconf 85' lang='lat' dir='ltr'>Paris.</span> <span class='ocrx_word' id='word_1_145' title='bbox 1756 2012 1855 2072; x_wconf 87' lang='lat' dir='ltr'>ap.</span> <span class='ocrx_word' id='word_1_146' title='bbox 1898 1993 2227 2055; x_wconf 85' lang='lat' dir='ltr'>Robertum</span> <span class='ocrx_word' id='word_1_147' title='bbox 2253 1997 2493 2056; x_wconf 90' lang='lat' dir='ltr'>Colom-</span> 
     </span>
     <span class='ocr_line' id='line_1_18' title="bbox 378 2088 2497 2168; baseline 0.002 -21"><span class='ocrx_word' id='word_1_148' title='bbox 378 2088 588 2148; x_wconf 90' lang='lat' dir='ltr'>bellum</span> <span class='ocrx_word' id='word_1_149' title='bbox 619 2089 678 2149; x_wconf 89' lang='lat' dir='ltr'>in</span> <span class='ocrx_word' id='word_1_150' title='bbox 705 2090 919 2150; x_wconf 83' lang='lat' dir='ltr'>Aldina</span> <span class='ocrx_word' id='word_1_151' title='bbox 970 2092 1383 2151; x_wconf 67' lang='lat' dir='ltr'>Bibliotheca!</span> <span class='ocrx_word' id='word_1_152' title='bbox 1428 2091 1754 2168; x_wconf 77' lang='lat' dir='ltr'>catalogue</span> <span class='ocrx_word' id='word_1_153' title='bbox 1782 2090 2050 2151; x_wconf 75' lang='lat' dir='ltr'>raisonne</span> <span class='ocrx_word' id='word_1_154' title='bbox 2080 2092 2155 2151; x_wconf 86' lang='lat' dir='ltr'>de</span> <span class='ocrx_word' id='word_1_155' title='bbox 2183 2092 2239 2153; x_wconf 91' lang='lat' dir='ltr'>la</span> <span class='ocrx_word' id='word_1_156' title='bbox 2266 2093 2497 2153; x_wconf 90' lang='lat' dir='ltr'>Collec-</span> 
     </span>
     <span class='ocr_line' id='line_1_19' title="bbox 377 2178 1949 2265; baseline 0.002 -21"><span class='ocrx_word' id='word_1_157' title='bbox 377 2185 498 2245; x_wconf 91' lang='lat' dir='ltr'>tion</span> <span class='ocrx_word' id='word_1_158' title='bbox 527 2184 602 2246; x_wconf 92' lang='lat' dir='ltr'>de</span> <span class='ocrx_word' id='word_1_159' title='bbox 627 2186 801 2247; x_wconf 82' lang='lat' dir='ltr'>livres</span> <span class='ocrx_word' id='word_1_160' title='bbox 829 2188 905 2247; x_wconf 90' lang='lat' dir='ltr'>de</span> <span class='ocrx_word' id='word_1_161' title='bbox 930 2187 996 2248; x_wconf 88' lang='lat' dir='ltr'>P.</span> <span class='ocrx_word' id='word_1_162' title='bbox 1014 2178 1100 2248; x_wconf 75' lang='grc' dir='ltr'>Ἀ.</span> <span class='ocrx_word' id='word_1_163' title='bbox 1126 2190 1431 2248; x_wconf 83' lang='lat' dir='ltr'>Crevenna</span> <span class='ocrx_word' id='word_1_164' title='bbox 1462 2188 1594 2247; x_wconf 89' lang='lat' dir='ltr'>Vol.</span> <span class='ocrx_word' id='word_1_165' title='bbox 1627 2203 1691 2247; x_wconf 89' lang='lat' dir='ltr'>v.</span> <span class='ocrx_word' id='word_1_166' title='bbox 1720 2200 1781 2265; x_wconf 82' lang='lat' dir='ltr'>p.</span> <span class='ocrx_word' id='word_1_167' title='bbox 1816 2187 1949 2249; x_wconf 82' lang='lat'>162.</span> 
     </span>
    </p>

    <p class='ocr_par' dir='ltr' id='par_1_5' title="bbox 294 2282 2527 3995">
     <span class='ocr_line' id='line_1_20' title="bbox 294 2282 2493 2365; baseline 0.003 -25"><span class='ocrx_word' id='word_1_168' title='bbox 294 2282 559 2360; x_wconf 86' lang='lat' dir='ltr'>—Lipsii</span> <span class='ocrx_word' id='word_1_169' title='bbox 592 2300 668 2344; x_wconf 90' lang='lat'>11.</span> <span class='ocrx_word' id='word_1_170' title='bbox 700 2292 755 2344; x_wconf 87' lang='lat'>8.</span> <span class='ocrx_word' id='word_1_171' title='bbox 785 2291 802 2318; x_wconf 88' lang='lat'>‘</span> <span class='ocrx_word' id='word_1_172' title='bbox 834 2285 903 2344; x_wconf 88' lang='lat' dir='ltr'>C.</span> <span class='ocrx_word' id='word_1_173' title='bbox 934 2284 1319 2344; x_wconf 85' lang='lat' dir='ltr'>Corn.Taciti</span> <span class='ocrx_word' id='word_1_174' title='bbox 1342 2286 1540 2363; x_wconf 87' lang='lat' dir='ltr'>Opera</span> <span class='ocrx_word' id='word_1_175' title='bbox 1559 2283 1775 2354; x_wconf 84' lang='lat' dir='ltr'>omnia,</span> <span class='ocrx_word' id='word_1_176' title='bbox 1807 2293 1943 2361; x_wconf 65' lang='lat' dir='ltr'>quse</span> <span class='ocrx_word' id='word_1_177' title='bbox 1962 2286 2218 2357; x_wconf 80' lang='lat' dir='ltr'>exstant,</span> <span class='ocrx_word' id='word_1_178' title='bbox 2242 2306 2493 2365; x_wconf 87' lang='lat' dir='ltr'>quorum</span> 
     </span>
     <span class='ocr_line' id='line_1_21' title="bbox 382 2378 2501 2461; baseline 0.003 -25"><span class='ocrx_word' id='word_1_179' title='bbox 382 2378 564 2443; x_wconf 81' lang='lat' dir='ltr'>Index</span> <span class='ocrx_word' id='word_1_180' title='bbox 595 2382 810 2461; x_wconf 83' lang='lat' dir='ltr'>pagina</span> <span class='ocrx_word' id='word_1_181' title='bbox 840 2381 1130 2459; x_wconf 76' lang='lat' dir='ltr'>sequenti:</span> <span class='ocrx_word' id='word_1_182' title='bbox 1160 2381 1218 2441; x_wconf 87' lang='lat' dir='ltr'>J.</span> <span class='ocrx_word' id='word_1_183' title='bbox 1242 2382 1474 2460; x_wconf 77' lang='lat' dir='ltr'>Lipsius</span> <span class='ocrx_word' id='word_1_184' title='bbox 1498 2381 1694 2441; x_wconf 87' lang='lat' dir='ltr'>denuo</span> <span class='ocrx_word' id='word_1_185' title='bbox 1718 2380 2036 2459; x_wconf 76' lang='lat' dir='ltr'>castigavit</span> <span class='ocrx_word' id='word_1_186' title='bbox 2076 2390 2136 2440; x_wconf 90' lang='lat' dir='ltr'>et</span> <span class='ocrx_word' id='word_1_187' title='bbox 2164 2383 2501 2442; x_wconf 82' lang='lat' dir='ltr'>recensuit.&#39;</span> 
     </span>
     <span class='ocr_line' id='line_1_22' title="bbox 375 2476 2498 2557; baseline -0.001 -19"><span class='ocrx_word' id='word_1_188' title='bbox 375 2486 477 2524; x_wconf 89' lang='lat'>—‘</span> <span class='ocrx_word' id='word_1_189' title='bbox 502 2478 861 2555; x_wconf 78' lang='lat' dir='ltr'>Antverpiae,</span> <span class='ocrx_word' id='word_1_190' title='bbox 923 2498 996 2536; x_wconf 82' lang='lat' dir='ltr'>ex</span> <span class='ocrx_word' id='word_1_191' title='bbox 1042 2476 1197 2536; x_wconf 86' lang='lat' dir='ltr'>offic.</span> <span class='ocrx_word' id='word_1_192' title='bbox 1252 2477 1595 2555; x_wconf 79' lang='lat' dir='ltr'>christoph.</span> <span class='ocrx_word' id='word_1_193' title='bbox 1652 2476 1905 2536; x_wconf 87' lang='lat' dir='ltr'>Plautini</span> <span class='ocrx_word' id='word_1_194' title='bbox 1958 2477 2498 2557; x_wconf 76' lang='lat' dir='ltr'>Architypograpbi</span> 
     </span>
     <span class='ocr_line' id='line_1_23' title="bbox 378 2571 2527 2669; baseline 0 -36"><span class='ocrx_word' id='word_1_195' title='bbox 378 2575 539 2660; x_wconf 74' lang='lat' dir='ltr'>regii,</span> <span class='ocrx_word' id='word_1_196' title='bbox 588 2573 1267 2651; x_wconf 58' lang='lat' dir='ltr'>Motxxxtss—-Pagina</span> <span class='ocrx_word' id='word_1_197' title='bbox 1292 2583 1350 2635; x_wconf 86' lang='lat'>3.</span> <span class='ocrx_word' id='word_1_198' title='bbox 1381 2593 1473 2651; x_wconf 85' lang='lat' dir='ltr'>sq.</span> <span class='ocrx_word' id='word_1_199' title='bbox 1505 2581 1522 2607; x_wconf 72' lang='lat'>⁸</span> <span class='ocrx_word' id='word_1_200' title='bbox 1542 2575 1747 2634; x_wconf 84' lang='lat' dir='ltr'>Justus</span> <span class='ocrx_word' id='word_1_201' title='bbox 1794 2571 2024 2650; x_wconf 81' lang='lat' dir='ltr'>Lipsius</span> <span class='ocrx_word' id='word_1_202' title='bbox 2070 2572 2527 2669; x_wconf 34' lang='lat' dir='ltr'>christophoro!</span> 
     </span>
     <span class='ocr_line' id='line_1_24' title="bbox 375 2669 2501 2750; baseline -0.001 -19"><span class='ocrx_word' id='word_1_203' title='bbox 375 2672 648 2731; x_wconf 84' lang='lat' dir='ltr'>Plautino</span> <span class='ocrx_word' id='word_1_204' title='bbox 670 2671 730 2730; x_wconf 90' lang='lat' dir='ltr'>S.</span> <span class='ocrx_word' id='word_1_205' title='bbox 745 2670 920 2729; x_wconf 89' lang='lat' dir='ltr'>Dico.</span> <span class='ocrx_word' id='word_1_206' title='bbox 947 2670 1250 2742; x_wconf 84' lang='lat' dir='ltr'>Tacitum,</span> <span class='ocrx_word' id='word_1_207' title='bbox 1271 2690 1441 2750; x_wconf 90' lang='lat' dir='ltr'>quem</span> <span class='ocrx_word' id='word_1_208' title='bbox 1474 2669 1685 2729; x_wconf 88' lang='lat' dir='ltr'>iterum</span> <span class='ocrx_word' id='word_1_209' title='bbox 1709 2669 1944 2747; x_wconf 82' lang='lat' dir='ltr'>vulgare</span> <span class='ocrx_word' id='word_1_210' title='bbox 1963 2686 2155 2746; x_wconf 72' lang='lat' dir='ltr'>paraS,</span> <span class='ocrx_word' id='word_1_211' title='bbox 2186 2669 2501 2729; x_wconf 78' lang='lat' dir='ltr'>clarissime</span> 
     </span>
     <span class='ocr_line' id='line_1_25' title="bbox 380 2764 2502 2846; baseline -0.001 -19"><span class='ocrx_word' id='word_1_212' title='bbox 380 2767 938 2846; x_wconf 76' lang='lat' dir='ltr'>Typograpborum,</span> <span class='ocrx_word' id='word_1_213' title='bbox 969 2766 1137 2825; x_wconf 91' lang='lat' dir='ltr'>mitto</span> <span class='ocrx_word' id='word_1_214' title='bbox 1166 2785 1309 2827; x_wconf 89' lang='lat' dir='ltr'>ecce</span> <span class='ocrx_word' id='word_1_215' title='bbox 1359 2766 1521 2825; x_wconf 88' lang='lat' dir='ltr'>Tibi.</span> <span class='ocrx_word' id='word_1_216' title='bbox 1553 2764 1779 2844; x_wconf 84' lang='lat' dir='ltr'>Relegi‚</span> <span class='ocrx_word' id='word_1_217' title='bbox 1809 2764 2093 2835; x_wconf 86' lang='lat' dir='ltr'>recensui,</span> <span class='ocrx_word' id='word_1_218' title='bbox 2122 2774 2183 2825; x_wconf 89' lang='lat' dir='ltr'>et</span> <span class='ocrx_word' id='word_1_219' title='bbox 2211 2765 2335 2824; x_wconf 85' lang='lat' dir='ltr'>sine</span> <span class='ocrx_word' id='word_1_220' title='bbox 2362 2764 2502 2824; x_wconf 90' lang='lat' dir='ltr'>dolo</span> 
     </span>
     <span class='ocr_line' id='line_1_26' title="bbox 377 2860 2503 2941; baseline -0.002 -18"><span class='ocrx_word' id='word_1_221' title='bbox 377 2863 593 2936; x_wconf 83' lang='lat' dir='ltr'>dicam,</span> <span class='ocrx_word' id='word_1_222' title='bbox 656 2862 837 2922; x_wconf 87' lang='lat' dir='ltr'>multa</span> <span class='ocrx_word' id='word_1_223' title='bbox 866 2863 922 2921; x_wconf 92' lang='lat' dir='ltr'>in</span> <span class='ocrx_word' id='word_1_224' title='bbox 973 2882 1065 2935; x_wconf 85' lang='lat' dir='ltr'>eo,</span> <span class='ocrx_word' id='word_1_225' title='bbox 1098 2881 1218 2939; x_wconf 88' lang='lat' dir='ltr'>qua</span> <span class='ocrx_word' id='word_1_226' title='bbox 1271 2884 1310 2924; x_wconf 84' lang='lat' dir='ltr'>a</span> <span class='ocrx_word' id='word_1_227' title='bbox 1363 2863 1670 2941; x_wconf 86' lang='lat' dir='ltr'>scriptura,</span> <span class='ocrx_word' id='word_1_228' title='bbox 1700 2881 1815 2940; x_wconf 87' lang='lat' dir='ltr'>qua</span> <span class='ocrx_word' id='word_1_229' title='bbox 1846 2861 1924 2922; x_wconf 88' lang='lat' dir='ltr'>ab</span> <span class='ocrx_word' id='word_1_230' title='bbox 1952 2861 2359 2941; x_wconf 81' lang='lat' dir='ltr'>interpunctis,</span> <span class='ocrx_word' id='word_1_231' title='bbox 2387 2860 2503 2920; x_wconf 82' lang='lat' dir='ltr'>feci</span> 
     </span>
     <span class='ocr_line' id='line_1_27' title="bbox 378 2956 2508 3045; baseline 0 -27"><span class='ocrx_word' id='word_1_232' title='bbox 378 2960 640 3020; x_wconf 84' lang='lat' dir='ltr'>meliora.</span> <span class='ocrx_word' id='word_1_233' title='bbox 698 2958 919 3019; x_wconf 82' lang='lat' dir='ltr'>Addidi</span> <span class='ocrx_word' id='word_1_234' title='bbox 973 2961 1150 3020; x_wconf 83' lang='lat' dir='ltr'>etiam</span> <span class='ocrx_word' id='word_1_235' title='bbox 1206 2959 1281 3018; x_wconf 84' lang='lat' dir='ltr'>ad</span> <span class='ocrx_word' id='word_1_236' title='bbox 1337 2979 1501 3019; x_wconf 84' lang='lat' dir='ltr'>oram</span> <span class='ocrx_word' id='word_1_237' title='bbox 1554 2960 1746 3018; x_wconf 83' lang='lat' dir='ltr'>Notas</span> <span class='ocrx_word' id='word_1_238' title='bbox 1793 2957 2069 3045; x_wconf 81' lang='lat' dir='ltr'>variantis</span> <span class='ocrx_word' id='word_1_239' title='bbox 2105 2956 2372 3016; x_wconf 87' lang='lat' dir='ltr'>lectionis</span> <span class='ocrx_word' id='word_1_240' title='bbox 2401 2965 2508 3018; x_wconf 88' lang='lat' dir='ltr'>aut</span> 
     </span>
     <span class='ocr_line' id='line_1_28' title="bbox 378 3052 2504 3135; baseline 0 -22"><span class='ocrx_word' id='word_1_241' title='bbox 378 3055 737 3132; x_wconf 76' lang='lat' dir='ltr'>conjecturae</span> <span class='ocrx_word' id='word_1_242' title='bbox 770 3076 915 3117; x_wconf 76' lang='lat' dir='ltr'>meae</span> <span class='ocrx_word' id='word_1_243' title='bbox 940 3075 956 3115; x_wconf 79' lang='lat' dir='ltr'>t</span> <span class='ocrx_word' id='word_1_244' title='bbox 1000 3056 1100 3117; x_wconf 85' lang='lat' dir='ltr'>sed</span> <span class='ocrx_word' id='word_1_245' title='bbox 1131 3075 1377 3135; x_wconf 83' lang='lat' dir='ltr'>paucas,</span> <span class='ocrx_word' id='word_1_246' title='bbox 1408 3056 1750 3133; x_wconf 84' lang='lat' dir='ltr'>brevesque.</span> <span class='ocrx_word' id='word_1_247' title='bbox 1805 3054 1961 3113; x_wconf 88' lang='lat' dir='ltr'>Nam</span> <span class='ocrx_word' id='word_1_248' title='bbox 1991 3062 2183 3114; x_wconf 86' lang='lat' dir='ltr'>cetera</span> <span class='ocrx_word' id='word_1_249' title='bbox 2213 3052 2443 3114; x_wconf 81' lang='lat' dir='ltr'>haurire</span> <span class='ocrx_word' id='word_1_250' title='bbox 2470 3073 2504 3113; x_wconf 88' lang='lat' dir='ltr'>e</span> 
     </span>
     <span class='ocr_line' id='line_1_29' title="bbox 377 3148 2504 3230; baseline -0 -19"><span class='ocrx_word' id='word_1_251' title='bbox 377 3152 830 3212; x_wconf 81' lang='lat' dir='ltr'>Commentariis</span> <span class='ocrx_word' id='word_1_252' title='bbox 855 3152 1000 3212; x_wconf 85' lang='lat' dir='ltr'>meis</span> <span class='ocrx_word' id='word_1_253' title='bbox 1026 3153 1308 3211; x_wconf 88' lang='lat' dir='ltr'>lectorem</span> <span class='ocrx_word' id='word_1_254' title='bbox 1328 3151 1436 3230; x_wconf 85' lang='lat' dir='ltr'>jus</span> <span class='ocrx_word' id='word_1_255' title='bbox 1456 3160 1570 3221; x_wconf 86' lang='lat' dir='ltr'>cst,</span> <span class='ocrx_word' id='word_1_256' title='bbox 1602 3150 1704 3228; x_wconf 88' lang='lat' dir='ltr'>qui</span> <span class='ocrx_word' id='word_1_257' title='bbox 1729 3148 2007 3209; x_wconf 85' lang='lat' dir='ltr'>Tacitum</span> <span class='ocrx_word' id='word_1_258' title='bbox 2034 3149 2228 3227; x_wconf 87' lang='lat' dir='ltr'>ipsum</span> <span class='ocrx_word' id='word_1_259' title='bbox 2252 3168 2504 3227; x_wconf 88' lang='lat' dir='ltr'>sequen-</span> 
     </span>
     <span class='ocr_line' id='line_1_30' title="bbox 376 3244 2506 3326; baseline -0 -20"><span class='ocrx_word' id='word_1_260' title='bbox 376 3257 492 3319; x_wconf 88' lang='lat' dir='ltr'>tur,</span> <span class='ocrx_word' id='word_1_261' title='bbox 522 3249 640 3308; x_wconf 89' lang='lat' dir='ltr'>imo</span> <span class='ocrx_word' id='word_1_262' title='bbox 662 3247 1073 3326; x_wconf 81' lang='lat' dir='ltr'>adsequentur.</span> <span class='ocrx_word' id='word_1_263' title='bbox 1106 3248 1255 3322; x_wconf 83' lang='lat' dir='ltr'>Ego,</span> <span class='ocrx_word' id='word_1_264' title='bbox 1288 3246 1368 3305; x_wconf 92' lang='lat' dir='ltr'>mi</span> <span class='ocrx_word' id='word_1_265' title='bbox 1391 3244 1678 3316; x_wconf 86' lang='lat' dir='ltr'>Plantine,</span> <span class='ocrx_word' id='word_1_266' title='bbox 1710 3245 1820 3304; x_wconf 81' lang='lat' dir='ltr'>etsi</span> <span class='ocrx_word' id='word_1_267' title='bbox 1848 3244 1908 3303; x_wconf 90' lang='lat' dir='ltr'>in</span> <span class='ocrx_word' id='word_1_268' title='bbox 1937 3244 2110 3304; x_wconf 84' lang='lat' dir='ltr'>variis</span> <span class='ocrx_word' id='word_1_269' title='bbox 2133 3244 2506 3324; x_wconf 70' lang='lat' dir='ltr'>molestiaque</span> 
     </span>
     <span class='ocr_line' id='line_1_31' title="bbox 380 3338 2504 3424; baseline -0.001 -21"><span class='ocrx_word' id='word_1_270' title='bbox 380 3344 884 3424; x_wconf 88' lang='lat' dir='ltr'>occupationibus</span> <span class='ocrx_word' id='word_1_271' title='bbox 930 3362 1089 3403; x_wconf 90' lang='lat' dir='ltr'>nunc</span> <span class='ocrx_word' id='word_1_272' title='bbox 1133 3341 1303 3412; x_wconf 86' lang='lat' dir='ltr'>meis,</span> <span class='ocrx_word' id='word_1_273' title='bbox 1356 3339 1690 3399; x_wconf 81' lang='lat' dir='ltr'>valetudine</span> <span class='ocrx_word' id='word_1_274' title='bbox 1742 3340 1918 3400; x_wconf 87' lang='lat' dir='ltr'>etiam</span> <span class='ocrx_word' id='word_1_275' title='bbox 1947 3359 2067 3398; x_wconf 88' lang='lat' dir='ltr'>non</span> <span class='ocrx_word' id='word_1_276' title='bbox 2094 3338 2281 3411; x_wconf 70' lang='lat' dir='ltr'>firma,</span> <span class='ocrx_word' id='word_1_277' title='bbox 2309 3348 2504 3401; x_wconf 85' lang='lat' dir='ltr'>tamen</span> 
     </span>
     <span class='ocr_line' id='line_1_32' title="bbox 383 3435 2505 3515; baseline -0.002 -15"><span class='ocrx_word' id='word_1_278' title='bbox 383 3459 543 3500; x_wconf 81' lang='lat' dir='ltr'>curae</span> <span class='ocrx_word' id='word_1_279' title='bbox 598 3439 777 3499; x_wconf 87' lang='lat' dir='ltr'>habui</span> <span class='ocrx_word' id='word_1_280' title='bbox 827 3440 975 3499; x_wconf 85' lang='lat' dir='ltr'>hanc</span> <span class='ocrx_word' id='word_1_281' title='bbox 1015 3457 1253 3508; x_wconf 69' lang='lat' dir='ltr'>curamg</span> <span class='ocrx_word' id='word_1_282' title='bbox 1315 3437 1398 3497; x_wconf 90' lang='lat' dir='ltr'>uti</span> <span class='ocrx_word' id='word_1_283' title='bbox 1427 3435 1664 3515; x_wconf 84' lang='lat' dir='ltr'>publica</span> <span class='ocrx_word' id='word_1_284' title='bbox 1721 3436 2065 3515; x_wconf 83' lang='lat' dir='ltr'>privataque</span> <span class='ocrx_word' id='word_1_285' title='bbox 2109 3456 2203 3496; x_wconf 81' lang='lat' dir='ltr'>res</span> <span class='ocrx_word' id='word_1_286' title='bbox 2249 3435 2505 3497; x_wconf 84' lang='lat' dir='ltr'>fructum</span> 
     </span>
     <span class='ocr_line' id='line_1_33' title="bbox 383 3532 2503 3614; baseline -0.002 -18"><span class='ocrx_word' id='word_1_287' title='bbox 383 3547 619 3614; x_wconf 88' lang='lat' dir='ltr'>caperet</span> <span class='ocrx_word' id='word_1_288' title='bbox 644 3557 678 3596; x_wconf 88' lang='lat' dir='ltr'>e</span> <span class='ocrx_word' id='word_1_289' title='bbox 705 3535 1093 3597; x_wconf 84' lang='lat' dir='ltr'>saluberrimo</span> <span class='ocrx_word' id='word_1_290' title='bbox 1117 3544 1179 3594; x_wconf 90' lang='lat' dir='ltr'>et</span> <span class='ocrx_word' id='word_1_291' title='bbox 1205 3533 1430 3612; x_wconf 86' lang='lat' dir='ltr'>optimo</span> <span class='ocrx_word' id='word_1_292' title='bbox 1459 3532 1742 3612; x_wconf 86' lang='lat' dir='ltr'>scriptore</span> <span class='ocrx_word' id='word_1_293' title='bbox 1768 3532 1846 3593; x_wconf 87' lang='lat' dir='ltr'>ad</span> <span class='ocrx_word' id='word_1_294' title='bbox 1877 3534 1993 3592; x_wconf 88' lang='lat' dir='ltr'>hoc</span> <span class='ocrx_word' id='word_1_295' title='bbox 2014 3552 2224 3592; x_wconf 82' lang='lat' dir='ltr'>aevum.</span> <span class='ocrx_word' id='word_1_296' title='bbox 2294 3534 2503 3592; x_wconf 83' lang='lat' dir='ltr'>AEvum</span> 
     </span>
     <span class='ocr_line' id='line_1_34' title="bbox 378 3627 2509 3710; baseline -0.002 -18"><span class='ocrx_word' id='word_1_297' title='bbox 378 3631 802 3704; x_wconf 81' lang='lat' dir='ltr'>calamitosum,</span> <span class='ocrx_word' id='word_1_298' title='bbox 830 3631 929 3692; x_wconf 86' lang='lat' dir='ltr'>sed</span> <span class='ocrx_word' id='word_1_299' title='bbox 962 3631 1035 3690; x_wconf 84' lang='lat' dir='ltr'>ad</span> <span class='ocrx_word' id='word_1_300' title='bbox 1064 3630 1226 3710; x_wconf 86' lang='lat' dir='ltr'>quod</span> <span class='ocrx_word' id='word_1_301' title='bbox 1251 3627 1637 3699; x_wconf 86' lang='lat' dir='ltr'>tolerandum,</span> <span class='ocrx_word' id='word_1_302' title='bbox 1664 3628 1931 3698; x_wconf 83' lang='lat' dir='ltr'>multum,</span> <span class='ocrx_word' id='word_1_303' title='bbox 1963 3647 2056 3687; x_wconf 83' lang='lat' dir='ltr'>me</span> <span class='ocrx_word' id='word_1_304' title='bbox 2071 3627 2301 3705; x_wconf 87' lang='lat' dir='ltr'>judice,</span> <span class='ocrx_word' id='word_1_305' title='bbox 2325 3627 2509 3688; x_wconf 85' lang='lat' dir='ltr'>bisto-</span> 
     </span>
     <span class='ocr_line' id='line_1_35' title="bbox 378 3724 2505 3803; baseline -0 -14"><span class='ocrx_word' id='word_1_306' title='bbox 378 3729 463 3789; x_wconf 88' lang='lat' dir='ltr'>ria</span> <span class='ocrx_word' id='word_1_307' title='bbox 503 3729 615 3788; x_wconf 86' lang='lat' dir='ltr'>ista</span> <span class='ocrx_word' id='word_1_308' title='bbox 654 3728 869 3789; x_wconf 80' lang='lat' dir='ltr'>faciet:</span> <span class='ocrx_word' id='word_1_309' title='bbox 926 3728 1156 3799; x_wconf 84' lang='lat' dir='ltr'>solatio,</span> <span class='ocrx_word' id='word_1_310' title='bbox 1209 3725 1476 3797; x_wconf 88' lang='lat' dir='ltr'>consilio,</span> <span class='ocrx_word' id='word_1_311' title='bbox 1505 3725 1796 3803; x_wconf 83' lang='lat' dir='ltr'>exemplo.</span> <span class='ocrx_word' id='word_1_312' title='bbox 1824 3726 2012 3784; x_wconf 66' lang='lat' dir='ltr'>Vale!</span> <span class='ocrx_word' id='word_1_313' title='bbox 2037 3726 2247 3786; x_wconf 80' lang='lat' dir='ltr'>Exstat</span> <span class='ocrx_word' id='word_1_314' title='bbox 2273 3725 2332 3783; x_wconf 85' lang='lat' dir='ltr'>in</span> <span class='ocrx_word' id='word_1_315' title='bbox 2362 3724 2505 3788; x_wconf 85' lang='lat' dir='ltr'>bibl.</span> 
     </span>
     <span class='ocr_line' id='line_1_36' title="bbox 386 3819 2510 3906; baseline -0.003 -21"><span class='ocrx_word' id='word_1_316' title='bbox 386 3826 628 3906; x_wconf 89' lang='lat' dir='ltr'>Bipont.</span> <span class='ocrx_word' id='word_1_317' title='bbox 652 3824 875 3884; x_wconf 81' lang='lat' dir='ltr'>Eodem</span> <span class='ocrx_word' id='word_1_318' title='bbox 903 3823 1196 3883; x_wconf 81' lang='lat' dir='ltr'>volumine</span> <span class='ocrx_word' id='word_1_319' title='bbox 1226 3821 1630 3882; x_wconf 82' lang='lat' dir='ltr'>continentur:</span> <span class='ocrx_word' id='word_1_320' title='bbox 1692 3828 1708 3854; x_wconf 89' lang='lat'>‘</span> <span class='ocrx_word' id='word_1_321' title='bbox 1737 3820 1894 3881; x_wconf 87' lang='lat' dir='ltr'>Justi</span> <span class='ocrx_word' id='word_1_322' title='bbox 1922 3819 2105 3899; x_wconf 85' lang='lat' dir='ltr'>Lipsii</span> <span class='ocrx_word' id='word_1_323' title='bbox 2143 3820 2217 3880; x_wconf 84' lang='lat' dir='ltr'>ad</span> <span class='ocrx_word' id='word_1_324' title='bbox 2249 3821 2510 3879; x_wconf 83' lang='lat' dir='ltr'>Annales</span> 
     </span>
     <span class='ocr_line' id='line_1_37' title="bbox 385 3914 2501 3995; baseline -0.001 -15"><span class='ocrx_word' id='word_1_325' title='bbox 385 3924 565 3982; x_wconf 88' lang='lat' dir='ltr'>Corn.</span> <span class='ocrx_word' id='word_1_326' title='bbox 594 3921 795 3981; x_wconf 85' lang='lat' dir='ltr'>Taciti</span> <span class='ocrx_word' id='word_1_327' title='bbox 836 3921 986 3980; x_wconf 87' lang='lat' dir='ltr'>liber</span> <span class='ocrx_word' id='word_1_328' title='bbox 1022 3916 1476 3979; x_wconf 87' lang='lat' dir='ltr'>commentarius</span> <span class='ocrx_word' id='word_1_329' title='bbox 1502 3915 1625 3976; x_wconf 86' lang='lat' dir='ltr'>sive</span> <span class='ocrx_word' id='word_1_330' title='bbox 1651 3915 1852 3978; x_wconf 79' lang='lat' dir='ltr'>Not&#39;ae.</span> <span class='ocrx_word' id='word_1_331' title='bbox 1901 3920 2182 3995; x_wconf 82' lang='lat' dir='ltr'>Antverp.</span> <span class='ocrx_word' id='word_1_332' title='bbox 2237 3936 2312 3977; x_wconf 76' lang='lat' dir='ltr'>ex</span> <span class='ocrx_word' id='word_1_333' title='bbox 2341 3914 2501 3977; x_wconf 85' lang='lat' dir='ltr'>offic.</span> 
     </span>
    </p>
   </div>
   <div class='ocr_carea' id='block_1_3' title="bbox 386 4012 1624 4099">
    <p class='ocr_par' dir='ltr' id='par_1_6' title="bbox 386 4012 1624 4099">
     <span class='ocr_line' id='line_1_38' title="bbox 386 4012 1624 4099; baseline -0.003 -20"><span class='ocrx_word' id='word_1_334' title='bbox 386 4017 731 4099; x_wconf 81' lang='lat' dir='ltr'>christoph.</span> <span class='ocrx_word' id='word_1_335' title='bbox 765 4016 1039 4079; x_wconf 85' lang='lat' dir='ltr'>Plautini.</span> <span class='ocrx_word' id='word_1_336' title='bbox 1069 4032 1146 4078; x_wconf 73' lang='lat' dir='ltr'>u.</span> <span class='ocrx_word' id='word_1_337' title='bbox 1180 4032 1249 4079; x_wconf 83' lang='lat' dir='ltr'>n.</span> <span class='ocrx_word' id='word_1_338' title='bbox 1282 4012 1548 4077; x_wconf 62' lang='lat' dir='ltr'>Lxxxrl</span> <span class='ocrx_word' id='word_1_339' title='bbox 1619 4082 1624 4089; x_wconf 53' lang='lat'>‚</span> 
     </span>
    </p>
   </div>
   <div class='ocr_carea' id='block_1_4' title="bbox 3028 1102 3031 1641">
    <p class='ocr_par' dir='ltr' id='par_1_7' title="bbox 3028 1102 3031 1641">
     <span class='ocr_line' id='line_1_39' title="bbox 3028 1102 3031 1641; baseline 0 0"><span class='ocrx_word' id='word_1_340' title='bbox 3028 1102 3031 1641; x_wconf 95' lang='lat' dir='ltr'> </span> 
     </span>
    </p>
   </div>
  </div>
 </body>
</html>
