3050 4867
508 283 683 351 4529
1162 297 1552 348 nncnusns
1602 298 2032 348 nni‘riouun

588 473 724 532 cap.
753 462 888 514 101.
918 470 1015 529 sq.
1038 451 1131 510 vel
1183 448 1356 521 1469.
1404 448 1566 528 quod
1617 449 1743 509 vult
1791 450 2151 521 Maittasius,
2191 450 2289 527 qui
2333 449 2484 511 idem
2529 458 2716 528 pum

589 549 801 609 editam
833 568 937 626 per
958 550 1056 609 Jo.
1088 546 1331 623 Spiram.
1365 545 1563 604 Habet
1592 546 1774 605 libros
1804 546 2019 604 Annal.
2041 546 2120 605 ab
2147 561 2248 605 XI.
2268 546 2520 609 adxw.
2564 546 2712 607 nis-

592 655 705 705 tor.
733 645 867 705 libr.
891 660 1009 703 1-V.
1039 641 1299 702 libellum
1337 641 1413 701 de
1458 640 1782 705 Germania
1807 649 1870 701 et
1898 641 2051 701 Dial.
2080 643 2154 700 de
2177 640 2345 700 claris
2372 640 2708 701 oratoribus

590 761 664 799 ex
693 742 811 799 Ms.
841 741 943 819 qui
973 739 1144 798 bodie
1173 738 1228 797 in
1261 737 1532 796 biblioth.
1592 739 1804 796 Venet.
1851 756 1966 795 non
2008 737 2310 815 reperitur.
2370 735 2539 795 Unde
2568 736 2710 815 ipsa

593 837 721 896 haec
764 838 943 897 editio
991 835 1171 894 instar
1211 832 1366 892 eod.
1409 831 1678 902 babetur,
1726 841 1785 891 et
1829 841 1920 890 est
1963 832 2280 892 rarissima.
2343 833 2433 890 Ex
2471 850 2541 891 ea
2585 843 2710 891 tres

589 929 721 990 filiae
749 940 967 990 certaez

515 1069 530 1084 .
564 1070 579 1085 .
612 1070 627 1084 .
660 1069 676 1084 .
722 1025 1200 1097 Mediolanensis,
1229 1023 1332 1084 fol.
1361 1043 1410 1083 s.
1439 1024 1480 1082 l.
1511 1033 1570 1083 et
1599 1041 1654 1082 a.
1686 1022 1977 1082 Francisci
2008 1023 2332 1095 Puteolani,
2371 1043 2408 1082 a
2453 1025 2708 1084 Bernar-

590 1120 732 1181 dino
759 1122 1028 1181 Lanterio
1068 1120 1275 1198 adjuti.
1320 1120 1491 1179 Basin
1536 1117 1679 1178 fecit
1719 1121 2022 1190 Venetam,
2047 1119 2183 1178 coll.
2209 1139 2341 1180 cum
2371 1121 2517 1181 Mss.
2543 1140 2710 1199 proe-
2779 1128 2786 1133 “

593 1228 779 1277 stante
806 1219 1006 1277 charta
1031 1225 1088 1276 et
1117 1216 1290 1296 typis.
1333 1215 1689 1275 Puteolanus
1717 1213 1952 1275 addidit
1980 1216 2158 1275 vitam
2181 1216 2321 1277 Julii
2347 1216 2666 1293 Agricolae.

509 1312 863 1387 (Editionem
896 1314 1168 1372 Venetam
1219 1330 1316 1371 an.
1367 1318 1543 1372 1484.
1594 1321 1657 1370 et
1700 1313 2018 1371 Romanam
2057 1333 2154 1372 an.
2208 1321 2382 1375 1485.
2419 1321 2710 1372 memorat

597 1409 930 1469 Maittarius
960 1413 1114 1467 Ann.
1142 1418 1267 1487 typ.
1294 1407 1371 1467 T.
1400 1423 1465 1467 ν.
1494 1409 1564 1468 Ρ.
1596 1424 1676 1467 11.
1699 1402 1845 1488 pag.
1870 1417 2010 1481 293.
2051 1410 2152 1470 sed
2195 1410 2316 1469 sine
2354 1419 2595 1471 auctore
2629 1427 2706 1467 ac

592 1516 771 1564 teste:
816 1504 972 1564 unde
998 1504 1139 1563 nihil
1167 1504 1293 1579 ejus
1319 1503 1613 1563 traditioni
1658 1506 1862 1564 tribuit
1901 1506 2226 1567 Ernestius.
2266 1506 2493 1584 Lipsius
2521 1525 2582 1564 se
2608 1505 2709 1566 ed.

592 1604 814 1661 Veneta
852 1609 1021 1675 1494.
1076 1620 1249 1660 usum
1289 1601 1391 1669 ait,
1434 1600 1648 1660 nemini
1690 1611 1903 1679 praeter
1942 1622 2075 1660 eum
2122 1603 2261 1672 visa,
2306 1622 2498 1680 eoque
2525 1601 2704 1661 etiam

594 1699 865 1757 Ernestio
906 1699 1109 1759 dubia.
1152 1700 1263 1756 Vix
1305 1708 1501 1757 tamen
1542 1696 1955 1770 dubitaverim,
1995 1699 2136 1776 quin
2164 1718 2238 1758 ex
2266 1717 2401 1757 vero
2428 1717 2558 1759 eam
2586 1698 2706 1776 sig·

592 1793 924 1854 nificavei·it
975 1795 1224 1874 Lipsius.
1269 1796 1355 1853 lta
1402 1795 1460 1853 in
1509 1793 1685 1854 Praef.
1731 1795 1916 1874 Lipsii
1959 1797 2056 1855 ed.
2101 1804 2274 1865 1574.
2316 1803 2334 1827 ‘
2365 1795 2474 1854 His
2503 1790 2707 1854 tribus'

592 1889 816 1964 (Codd.
844 1893 1076 1949 Farnes.
1127 1901 1189 1949 et
1229 1890 1461 1950 duobus
1488 1891 1681 1950 Vatic.
1709 1891 1875 1950 alteri
1904 1892 2129 1969 optimo
2157 1911 2227 1952 ac
2256 1902 2507 1961 vetusto,
2538 1892 2707 1951 alteri

590 1986 775 2045 minus
801 1987 983 2056 bono)
1012 1995 1030 2019 ‘
1059 1987 1307 2046 accessit
1347 1988 1529 2046 editio
1580 1990 1806 2049 Veneta
1837 2001 2006 2047 vetus
2037 1991 2166 2047 anni
2215 2018 2294 2051 ω.
2325 2002 2708 2048 ccccxcnl.

593 2102 769 2160 quani
795 2082 1072 2141 adbibere
1115 2082 1243 2141 vice
1286 2082 1419 2142 libri
1447 2082 1650 2162 scripti
1678 2083 1810 2142 ideo
1837 2103 1953 2144 non
1981 2084 2191 2163 piguit,
2221 2085 2378 2162 quod
2406 2085 2554 2143 inter
2579 2098 2712 2144 stu·

592 2179 792 2238 diosos
822 2179 1020 2237 harum
1051 2197 1240 2236 rerum
1291 2188 1545 2250 constet,
1586 2180 1781 2239 Taciti
1825 2182 1969 2240 Mss.
2016 2181 2365 2257 exemplaria
2409 2182 2603 2257 spisso
2643 2191 2708 2240 et

592 2277 688 2335 vix
716 2278 775 2335 in
805 2277 1041 2354 Europa
1067 2276 1325 2335 inveniri.
1409 2278 1476 2336 In
1523 2277 1612 2336 his
1650 2288 1846 2337 autem
1893 2278 2057 2337 libris
2099 2278 2349 2337 citandis
2394 2297 2568 2338 usum
2610 2297 2708 2337 me

593 2371 709 2432 fide
735 2372 977 2451 antiqua
1002 2380 1064 2430 et
1089 2391 1225 2431 vere
1254 2372 1540 2445 Romana,
1569 2394 1643 2432 ex
1671 2374 1845 2432 animi
1875 2375 1985 2432 mei
2011 2370 2299 2434 ‘sententia
2314 2374 2521 2451 juro.')

518 2477 669 2538 1497
716 2469 989 2538 Venetiis,
1017 2468 1120 2527 fol.
1150 2467 1247 2527 ed.
1277 2469 1580 2530 Puteolani
1607 2469 1877 2548 repetita.
1924 2471 1990 2529 ln
2012 2470 2200 2530 fronte
2225 2471 2474 2529 titulus:
2519 2478 2537 2503 ‘
2561 2470 2710 2529 Cor·

590 2565 722 2624 nelii
739 2564 937 2625 Taciti
958 2564 1233 2625 Historiae
1246 2554 1576 2643 Augustas!
1620 2566 1685 2623 ln
1715 2563 1868 2625 fine:
1912 2575 1930 2599 ‘
1953 2566 2206 2624 Cornelii
2231 2565 2426 2624 Taciti
2445 2565 2708 2625 historias

589 2671 888 2738 augustae:
933 2681 1042 2721 nec
1072 2679 1188 2718 non
1218 2661 1292 2719 de
1320 2660 1438 2720 situ
1464 2660 1728 2723 moribus
1756 2671 1817 2720 et
1844 2662 2074 2738 populis
2102 2663 2409 2738 germaniae
2432 2660 2664 2720 libellus
2688 2682 2705 2719 :

589 2776 660 2816 ac
684 2758 759 2815 de
787 2757 1111 2816 oratoribus
1138 2756 1406 2833 dialogus
1434 2756 1702 2817 foeliciter
1728 2757 2072 2837 expliciunt.
2154 2757 2408 2817 venetiis
2450 2756 2708 2817 fideliter

589 2852 849 2931 impressi
877 2871 949 2911 ac
978 2850 1287 2927 diligenter
1311 2850 1607 2911 emendati
1632 2872 1743 2932 per
1782 2853 2114 2933 Philippum
2170 2853 2330 2932 pinei
2370 2854 2706 2932 sumptibus

590 2948 799 3007 nobilis
826 2947 932 3007 viri
958 2947 1059 3007 dni
1088 2945 1395 3007 Benedicti
1421 2946 1680 3007 fontana.
1765 2952 1938 3008 Anno
1981 2949 2082 3007 dni
2121 2965 2574 3010 mccccxcvn.
2603 2949 2707 3010 die

590 3059 774 3103 xxu.
818 3044 1050 3103 Marcii.
1109 3044 1440 3121 Imperante
1480 3043 1904 3121 sapientissimo
1942 3044 2063 3104 dno
2109 3047 2446 3124 Augustino
2486 3047 2710 3105 Barba-

588 3139 726 3199 dico
752 3139 1185 3218 prudentissimi
1212 3158 1283 3198 ac
1314 3139 1679 3200 Invictissimi
1701 3141 1952 3201 Senatus
1974 3143 2353 3203 Venetiarum
2377 3142 2530 3203 duce
2551 3162 2708 3203 sere·

589 3236 866 3297 nissimo.'
905 3237 1105 3296 Editio
1134 3236 1440 3309 rarissima,
1469 3238 1702 3316 elegans
1729 3248 1791 3297 et
1817 3239 2023 3298 nitida.

515 3342 669 3396 1512
714 3334 978 3393 Riviana.
1022 3334 1309 3404 venetiis,
1353 3333 1457 3391 fol.
1484 3353 1558 3391 ex
1585 3334 1763 3414 priori
1804 3354 2044 3405 recusa3
2088 3334 2266 3413 cujus
2294 3334 2531 3413 quidem
2560 3335 2704 3394 vitia

589 3429 1012 3509 typographica
1058 3430 1308 3489 correxit
1352 3431 1448 3490 Jo.
1492 3430 1717 3502 Rivius,
1748 3438 2007 3490 ceterum
2036 3431 2094 3489 in
2124 3430 2406 3492 mutando
2433 3440 2598 3491 textu
2625 3429 2704 3491 de

587 3544 698 3585 suo
713 3525 945 3602 judicio
973 3544 1183 3604 parum
1211 3525 1460 3586 feliciter
1482 3535 1770 3586 versatus.

1144 3704 1370 3764 AETAS
1398 3719 1475 3764 11.
1505 3703 2061 3765 BEROALDINA.

512 3832 687 3912 1315'
711 3851 938 3921 Romae,
966 3849 1072 3909 fol.
1101 3858 1118 3885 ‘
1148 3851 1216 3910 P.
1246 3850 1503 3912 Cornelii
1526 3852 1725 3912 Taciti
1750 3852 1884 3913 libri
1924 3852 2184 3932 quinque
2209 3854 2436 3913 noviter
2462 3852 2693 3922 inventi,

586 3956 765 4026 atque
806 3966 940 4007 cum
981 3948 1220 4027 reliquis
1264 3949 1393 4025 ejus
1434 3950 1714 4025 operibus
1741 3949 1926 4021 editi,’
1950 3958 2066 4009 cet.
2094 3953 2178 4026 (c.
2207 3947 2375 4029 praef.
2404 3949 2554 4009 Phil.
2587 3949 2701 4007 Be-

587 4044 774 4103 roaldi
804 4045 942 4122 jun.
985 4044 1174 4107 Acad.
1222 4046 1397 4105 Rom.
1440 4046 1742 4125 praepositi
1785 4045 1860 4104 ad
1910 4046 2163 4105 Leonem
2206 4061 2275 4103 x.
2318 4045 2386 4104 P.
2431 4046 2546 4118 M.)
2626 4042 2698 4102 ln

586 4132 739 4198 fine:
783 4146 802 4175 ‘
829 4140 1057 4213 Romae,
1099 4161 1208 4221 per
1247 4142 1602 4220 Magistrum
1645 4140 2002 4220 Stephanum
2025 4140 2340 4201 Guillereti
2358 4139 2435 4200 de
2477 4138 2699 4199 Lotha-
