3050 4867
512 420 688 496 4438

509 582 723 648 ingenii,
742 581 1029 647 prasertim
1046 582 1420 633 cum-recentia
1436 588 1573 632 sunt.

511 661 712 710 Notum
746 666 827 708 est
865 658 1325 722 ingeniosissimum
1371 658 1577 709 Latino-

511 749 625 785 rum
650 734 930 783 Poetarum
972 733 1281 795 reprebendi
1321 749 1352 783 a
1391 735 1578 783 veteri-

512 810 626 873 bus,
659 811 794 875 quod
830 810 1039 858 nimium
1060 808 1269 873 ingenio
1298 824 1390 859 suo
1411 809 1578 858 indul-

514 893 656 950 geat,
700 886 842 950 cnjus
867 884 941 932 rei
979 885 1273 948 exemplum
1298 882 1450 934 effert
1483 885 1574 934 Se·

514 975 647 1012 neca
667 961 977 1010 naturalium
1004 962 1342 1024 quaestionum
1375 960 1466 1010 lib.
1490 975 1577 1010 ιιι.

514 1037 532 1064 ‘
560 1035 697 1085 Illud
731 1050 821 1099 pro
857 1036 1215 1098 magnitudine
1239 1037 1347 1098 rei‚'
1390 1037 1579 1102 inquit,

514 1114 529 1140 ‘
551 1111 709 1162 dixit:
737 1112 927 1161 Omnia
951 1110 1151 1161 Pontus
1170 1121 1337 1175 erant,
1361 1114 1578 1164 deerant

514 1202 720 1255 quoque
757 1188 937 1237 littora
976 1196 1154 1252 ponto.
1223 1189 1338 1238 Nisi
1373 1197 1577 1241 tantum

515 1264 766 1329 impetum
790 1263 985 1327 ingenii
1008 1272 1066 1313 et
1088 1266 1315 1315 materiae
1348 1266 1413 1315 ad
1453 1280 1577 1329 pue·

517 1340 639 1390 riles
662 1340 885 1403 ineptius
907 1339 1217 1391 reduxisset.
1271 1342 1382 1391 Nat
1403 1342 1578 1406 Lupus

515 1417 653 1467 inter
664 1416 826 1477 Oves,
849 1414 1014 1465 fulvos
1037 1417 1180 1465 vehit
1197 1418 1335 1467 unde
1347 1418 1580 1469 Leones!

517 1496 536 1523 ⁴
557 1490 837 1556 Magnifice
868 1492 984 1555 boc,
1021 1492 1064 1541 si
1090 1507 1191 1543 non
1213 1495 1434 1557 curavit,
1456 1494 1579 1560 quid

517 1581 640 1620 oves
662 1576 718 1617 et
738 1567 847 1631 lupi
871 1566 1126 1631 facerent,
1164 1584 1267 1620 non
1290 1578 1374 1621 est
1395 1586 1479 1621 res
1500 1586 1581 1621 so-

519 1644 633 1694 bria
674 1644 914 1693 lascivire
959 1643 1208 1694 devorato
1246 1646 1371 1697 orbe
1418 1652 1579 1697 terra·

518 1718 670 1771 rum.'
737 1720 859 1769 Non
883 1720 1089 1785 quidem
1124 1721 1314 1789 injuria
1335 1723 1445 1774 bec
1467 1738 1582 1773 car·

518 1802 730 1860 pantur,
750 1795 794 1845 si
826 1795 1033 1861 quidem
1071 1797 1136 1846 ad
1161 1812 1394 1848 severam
1428 1801 1583 1849 stric-

520 1880 731 1938 tamque
754 1873 920 1934 legem
957 1872 1232 1936 exigantur
1253 1892 1269 1936 3
1302 1882 1358 1925 et
1369 1874 1584 1938 justins,

516 1952 720 2016 opinor,
758 1950 894 2015 quod
926 1950 1115 2001 ibidem
1148 1952 1407 2017 sequitur:
1442 1959 1458 1983 ⁸
1479 1954 1583 2006 Hic

519 2040 717 2077 summa
760 2026 954 2090 piscem
994 2026 1273 2090 deprendit
1314 2029 1366 2078 in
1411 2031 1585 2082 ulmo!

521 2102 622 2152 Ille
647 2110 816 2153 tamen
855 2102 984 2166 ipse,
1023 2102 1112 2167 qui
1152 2105 1342 2168 carpit,
1382 2106 1586 2158 Seneca

521 2193 591 2228 un
634 2178 760 2228 nihil
800 2177 897 2227 sibi
941 2178 1234 2242 permittit?
1287 2195 1351 2230 an
1384 2181 1450 2230 ab
1485 2182 1586 2233 boc

519 2252 647 2303 vitio
684 2252 815 2303 liber
845 2250 958 2303 est?
1023 2252 1311 2319 Arguutur
1331 2264 1494 2320 certe,
1526 2257 1584 2307 id

521 2336 624 2393 est,
661 2329 795 2380 ludit
824 2328 876 2378 in
910 2331 1222 2394 gravissimis
1245 2347 1345 2382 non
1367 2348 1483 2384 raro
1506 2348 1584 2383 re·

521 2405 620 2456 bus
652 2411 709 2456 et
731 2404 917 2456 divinis
937 2408 1210 2458 sententiis
1233 2408 1338 2459 suis
1370 2410 1587 2462 interse-

523 2482 596 2531 rit
617 2482 919 2546 levissimas,
954 2498 1069 2548 quae
1108 2484 1233 2533 nihil
1258 2492 1452 2549 praeter
1480 2488 1589 2539 ina-

522 2572 641 2608 nem
661 2560 938 2624 strepitum
972 2558 1169 2623 ferunt,
1200 2567 1255 2611 et
1282 2562 1377 2613 hac
1398 2577 1501 2614 una
1519 2564 1585 2615 de

522 2647 681 2684 causa
706 2640 908 2683 tantum
945 2635 1217 2685 sententia
1259 2644 1399 2700 sunt,
1444 2639 1585 2703 quod

524 2718 764 2775 tanquam
781 2711 1055 2759 sententloe
1073 2713 1427 2764 enuntiantur.
1443 2713 1586 2765 Quid

523 2785 660 2849 quod
686 2785 816 2850 ipse,
864 2785 931 2848 (si
956 2793 1126 2835 tumen
1149 2793 1233 2838 est
1274 2788 1499 2853 auctor,)
1533 2790 1585 2840 in

525 2862 828 2926 gravissima
850 2867 1020 2925 peste,
1061 2862 1148 2911 nbi
1170 2870 1370 2914 tantum
1392 2865 1587 2917 descri-

523 2936 604 2986 bit
625 2937 950 3001 contagionis
974 2938 1094 3001 vim,
1118 2945 1317 2989 tantam
1338 2948 1587 3006 strsgem,

528 3020 590 3062 ut
626 3012 793 3063 tnrbse
827 3014 1047 3063 tumulos
1080 3016 1282 3078 petenti
1317 3032 1420 3067 non
1464 3021 1588 3070 satis

525 3097 729 3155 septem
785 3098 953 3155 portae
996 3094 1277 3156 patuerint,
1332 3095 1590 3148 ovidiana

524 3170 636 3229 baec
692 3168 871 3219 eadem
928 3169 1174 3221 adducit:
1232 3174 1248 3200 ⁶
1277 3174 1393 3224 Non
1439 3174 1588 3239 lupos

527 3244 682 3295 Cervi
701 3252 937 3295 metuunt
966 3259 1200 3309 rapaces.
1265 3248 1448 3298 Cessat
1469 3250 1591 3300 irati

525 3318 761 3370 fremitus
785 3319 990 3369 Leonis.
1057 3322 1214 3371 Nulla
1248 3323 1440 3373 villosis
1474 3325 1592 3376 feri-

528 3402 612 3445 tas
634 3396 687 3444 in
709 3394 890 3445 Ursis!
959 3397 1027 3446 Et
1050 3397 1149 3446 alia
1184 3412 1284 3448 non
1307 3414 1474 3463 pauca
1495 3401 1591 3451 ibi-

528 3473 664 3524 dem.
710 3471 859 3523 Adeo
881 3472 1082 3523 facilius
1103 3482 1186 3524 ent
1207 3477 1590 3539 reprehendere

529 3548 677 3611 vitia,
698 3564 851 3613 quam
876 3551 1095 3601 evitare.
1162 3553 1248 3601 De
1278 3554 1431 3603 Musa
1459 3556 1592 3605 Rhe-

529 3631 645 3679 tore
685 3624 900 3674 Marcus
942 3625 1139 3677 Seneca
1195 3628 1303 3678 ait:
1360 3631 1375 3657 ‘
1401 3629 1594 3681 Omnia

529 3702 726 3767 ejussd
761 3702 996 3752 nltimnm
1035 3710 1284 3754 tumorem
1323 3707 1595 3771 perducta,

530 3784 592 3831 nt
612 3792 713 3829 non
728 3785 880 3828 extre
899 3779 1193 3843 sanitatem,
1221 3782 1314 3832 sed
1336 3791 1482 3833 extra
1505 3798 1593 3833 na-

529 3858 701 3904 turam
742 3852 952 3904 essent.’
1029 3856 1110 3917 Ex
1147 3857 1297 3922 cujus
1337 3860 1593 3922 portentis

527 3928 643 3980 διο
663 3936 842 3981 notat:
876 3933 892 3959 ⁸
915 3930 1177 3995 Quicquid
1199 3932 1368 3982 avium
1392 3936 1595 3998 volitat,

530 4005 778 4072 quicquid
802 4006 1016 4070 piscium
1053 4014 1220 4070 natat,
1255 4010 1500 4074 quicquid
1521 4010 1594 4059 fe-

531 4094 704 4133 rarum
727 4082 990 4145 discurrit,
1005 4083 1193 4133 nostris
1207 4084 1456 4146 sepelitur
1471 4100 1595 4135 ven-

531 4157 719 4208 tribus.
782 4159 975 4211 Quaere
997 4172 1135 4207 nunc
1169 4173 1264 4207 cur
1285 4159 1458 4210 subito
1491 4177 1595 4211 mo-

533 4230 766 4282 riamur?
793 4234 1043 4285 mortibus
1065 4233 1317 4286 vivimus!
1375 4235 1495 4286 Hoc
1520 4245 1595 4286 ta·

532 4321 654 4359 men
676 4315 782 4360 tan
801 4323 978 4362 verum
993 4311 1472 4376 §moeniadicinm
1490 4328 1598 4367 ns·

1223 436 1441 490 ποτε
1485 436 1885 489 νιιιιοιωιι
1934 420 2031 487 ιιι·

1650 580 1906 632 deterruit
1933 580 2115 632 doctos
2143 579 2392 640 homiues,
2421 592 2524 644 quo
2544 578 2715 629 minus

1649 658 1746 707 sibi
1795 658 1848 707 in
1887 656 2135 721 ejusmodi
2178 662 2382 707 tumore
2432 654 2713 705 admodum

1650 736 1940 798 placerent,
1980 734 2298 798 audaciaque
2319 732 2716 782 translationum

1651 820 1707 861 et
1750 811 2094 877 hyperbolicis
2134 809 2481 860 locutionibus
2522 808 2716 859 celu-

1652 892 1708 937 et
1740 894 1906 937 terrss
1944 887 2237 937 miscerent.
2304 884 2535 934 venitin
2571 897 2717 932 men·

1653 970 1756 1015 tem
1798 964 1898 1014 loci
1945 964 2104 1014 Plinii
2150 963 2379 1028 majoris,
2422 962 2511 1027 qni
2557 961 2716 1024 plane

1652 1055 1768 1090 cum
1792 1041 1941 1090 Musa
1960 1050 2163 1089 certare
2188 1037 2409 1088 videtur.
2444 1037 2498 1085 Is
2521 1044 2602 1085 est
2623 1036 2718 1086 ubi

1653 1117 1718 1166 de
1751 1117 2042 1181 margaritis
2071 1116 2316 1181 loquitur.
2363 1114 2379 1142 ‘
2402 1113 2592 1162 Parum
2614 1112 2720 1162 sci-

1652 1192 1810 1254 licet‚'
1848 1194 2036 1258 inquit,
2071 1193 2088 1220 ‘
2114 1191 2284 1242 fuerat
2304 1192 2355 1241 in
2382 1191 2524 1254 gulss
2557 1189 2717 1239 condi

1653 1270 1831 1331 maria,
1861 1268 1956 1318 nisi
1978 1268 2228 1331 manibus,
2265 1266 2497 1327 auribus,
2536 1265 2717 1329 capite

1656 1352 1789 1407 toto,
1823 1361 1854 1396 a
1896 1343 2114 1394 sentinis
2151 1346 2311 1409 juxta
2347 1343 2574 1407 virisque
2599 1355 2721 1405 ges-

1654 1421 1868 1471 tentur?
1917 1421 2040 1486 qnid
2095 1422 2225 1470 mari
2283 1433 2398 1469 curn
2442 1417 2719 1468 vestibus?

1653 1498 1778 1563 quid
1802 1496 1953 1547 undis
1972 1495 2319 1560 fluctibusque
2343 1509 2461 1544 cum
2483 1493 2678 1543 vellere
2700 1492 2722 1541 ἓ

1654 1588 1758 1625 ιιοιι
1793 1580 1939 1624 recte
1968 1589 2063 1623 nos
2100 1572 2286 1637 recipit
2323 1585 2493 1620 rerum
2531 1576 2724 1618 natura

1653 1651 1750 1700 nisi
1794 1650 1977 1700 nudos.
2045 1651 2206 1700 Estot
2239 1648 2305 1697 sit
2340 1652 2511 1696 tamen
2548 1640 2724 1694 ventri

1654 1741 1770 1778 cum
1791 1742 1855 1777 eo
1876 1727 2131 1777 societas:
2182 1724 2304 1790 quid
2329 1722 2558 1787 tergori?
2612 1722 2721 1771 Pu·

1656 1817 1769 1851 rum
1792 1809 1888 1865 est,
1924 1802 2025 1850 nisi
2057 1801 2145 1865 qui
2165 1801 2420 1850 vescimur
2457 1796 2725 1862 periculis,

1657 1879 1814 1928 etiam
1839 1876 2153 1928 vestiemur?
2222 1876 2436 1925 Possem
2462 1875 2610 1937 plura
2630 1874 2726 1922 bn·

1646 1953 1735 2017 jus
1780 1953 1984 2017 generis
2023 1967 2089 2002 ex
2124 1951 2386 2002 veteribus
2422 1948 2687 1999 adducere
2706 1964 2723 1997 ε

1656 2029 1750 2080 sed
1787 2029 1871 2079 vel
1900 2029 1975 2078 sic
2008 2029 2072 2079 iis
2107 2028 2343 2092 injuriam
2382 2025 2557 2076 facere
2595 2024 2725 2075 mibi

1658 2106 1872 2165 videor3
1907 2119 2025 2154 cum
2060 2118 2122 2154 en
2160 2105 2389 2153 incusem
2419 2102 2568 2161 vitia,
2597 2117 2725 2167 qun

1659 2195 1795 2231 nnnc
1818 2180 1956 2245 apud
1988 2179 2237 2245 quosdam
2270 2194 2467 2242 eorum,
2503 2178 2592 2243 qui
2624 2179 2724 2229 sibi

1659 2256 1838 2306 diserti
1861 2255 2121 2318 videntur,
2147 2264 2205 2304 et
2232 2253 2371 2319 apud
2406 2254 2542 2305 aliud
2566 2269 2724 2318 ugen-

1662 2338 1767 2382 tem
1788 2332 2035 2397 populum
2053 2332 2260 2382 virtutis
2276 2331 2445 2381 locum
2461 2331 2721 2382 obtinent.

1659 2410 1799 2461 Nam
1819 2424 1937 2474 qnae
1962 2407 2115 2458 bodie
2136 2407 2396 2457 bominum
2418 2422 2571 2456 aures
2588 2415 2727 2470 sunt,

1658 2484 1795 2550 quod
1818 2484 2039 2534 studium
2065 2482 2350 2532 eacozeliae
2369 2481 2496 2531 nibil
2519 2488 2623 2530 tam
2644 2481 2724 2531 in-

1659 2567 1783 2623 epte
1804 2558 1908 2609 dici
1950 2564 2142 2622 potest,
2177 2557 2331 2606 modo
2354 2571 2419 2606 ne
2442 2559 2727 2621 vulgariter

1659 2636 1884 2700 dicatur,
1902 2635 2040 2700 qnod
2069 2648 2171 2684 non
2208 2632 2395 2683 babeat
2417 2647 2534 2683 suos
2569 2633 2732 2683 admi·

1661 2718 1878 2763 ratores.
1911 2710 2140 2760 &heli-ns.

1731 2788 1891 2838 Tertio
1910 2801 2237 2852 quoquesesmt
2257 2785 2309 2835 in
2343 2784 2579 2848 omnibus]
2632 2783 2729 2835 Ni-

1660 2864 1731 2914 hil
1754 2872 1914 2915 muto.
1978 2864 2242 2913 Veniebat
2284 2868 2460 2913 tamen
2498 2862 2550 2912 in
2587 2877 2730 2911 men-

1662 2948 1786 3005 tem,
1802 2941 1947 2990 tertio
1965 2955 2145 3005 qnoque
2164 2953 2318 3001 uersu,
2348 2938 2469 3003 quia
2493 2938 2730 3003 sequitur

1657 3034 1747 3082 pro
1778 3017 2029 3067 sententia.
2095 3016 2345 3069 Quamvis
2368 3013 2509 3064 aliud
2547 3028 2729 3077 senas,

1661 3091 1800 3143 aliud
1820 3093 2070 3142 mentia.
2113 3090 2338 3143 Quintil.
2359 3094 2462 3139 dte.
2496 3089 2526 3117 ⁶
2560 3090 2717 3141 Ides-2.

1729 3171 1791 3218 In
1830 3168 2043 3219 omnibns
2079 3182 2168 3231 pro
2197 3165 2456 3229 muntia]
2488 3166 2735 3217 Muretus

1666 3245 1830 3308 addit,
1861 3247 1914 3295 in
1947 3244 2161 3295 omibus
2179 3243 2484 3294 emtionibus.
2551 3243 2736 3309 Aptis-

1666 3325 1810 3373 sime.
1843 3322 2032 3372 Addat.

1731 3401 1862 3449 Nem
1897 3404 1946 3448 et
1980 3400 2065 3448 Ιιοσ
2100 3396 2282 3447 inuitus
2316 3397 2486 3462 retuli]
2538 3396 2735 3446 Melius

1665 3476 1781 3524 ἧσο.
1844 3475 1950 3524 Sed
1973 3488 2102 3525 cave
2138 3488 2352 3524 censeas
2388 3488 2507 3523 cum
2531 3472 2735 3536 Lipsio,

1665 3552 1899 3601 invitatus
1919 3565 2033 3615 pro,
2070 3550 2250 3600 invitus
2282 3548 2382 3613 legi
2416 3562 2585 3612 posse.
2616 3547 2735 3598 Aci-

1666 3627 1838 3677 dolius.

1736 3704 1857 3760 Quoe
1883 3707 2042 3752 tumen
2080 3702 2179 3750 solo
2206 3701 2441 3749 usinum·
2476 3703 2618 3762 etque
2652 3713 2738 3747 ex-

1664 3779 1899 3844 prount]
1932 3779 1961 3808 ⁵
1998 3779 2248 3828 Mirantm·
2267 3782 2440 3827 autem
2458 3775 2545 3824 hic
2583 3790 2736 3839 poene
2762 3838 2773 3849 ·

1669 3856 1804 3906 idem
1835 3864 1914 3905 est
1946 3854 2085 3920 quod
2117 3854 2406 3903 imitantur.
2473 3851 2739 3915 Lucanus,

1668 3935 1685 3962 ‘
1699 3933 1926 3996 Egregie
1935 3930 2118 3995 juveni
2134 3930 2472 3993 miratorique
2488 3928 2745 3978 Catonis.⁸

1670 4010 1889 4060 Statius:
1923 4010 1940 4037 ‘
1968 4020 2195 4072 sequaevo
2233 4006 2425 4055 cedere
2452 4003 2602 4055 fratri
2642 4004 2742 4054 mi-

1672 4086 1879 4148 rarique
1900 4081 2142 4147 patrem!
2175 4081 2409 4131 Scheliu.

1739 4160 1837 4215 Qui
1876 4175 1926 4208 se
1957 4158 2178 4221 antiquos
2219 4158 2450 4206 Oratores
2485 4156 2741 4220 accubent]

1671 4236 1850 4297 Setibe
1880 4238 2061 4284 οοοιιιε.
2128 4231 2353 4297 Lipsius.
2418 4232 2589 4284 Recte
2617 4233 2740 4298 Lip-

1666 4312 1793 4381 dus,
1810 4315 1994 4363 nsunt.
2020 4308 2282 4363 schelius.
