3050 4867
875 386 1021 435 us.
1064 385 1113 435 ι.
1157 381 1321 435 cn.
1361 367 1470 436 61.
1516 377 1958 435 Amanium.

294 516 441 570 d..
502 517 677 584 Iege,
709 519 923 571 baites
946 520 1222 570 Germ-uos.
1296 521 1365 569 Et

297 600 603 646 musam
620 595 859 660 intellige
885 597 1202 659 posteritati.
1241 598 1365 646 Gro-

298 673 409 720 tius.
448 670 609 721 Nulla
634 686 766 734 opus
789 678 873 722 est
897 672 1199 722 mutatione.
1246 673 1364 723 Hoc

299 746 433 794 enlm
465 746 616 805 rult;
654 746 957 808 Hominem,
1005 747 1239 797 nimirum
1278 748 1367 797 Se-

302 828 513 884 gestem,
554 828 824 887 nunquam
872 825 996 874 satis
1030 832 1368 874 excusaturos

307 896 618 960 Germanos,
658 899 771 948 sive
796 908 1105 963 praesentes,
1139 902 1251 950 sive
1281 917 1369 963 po-

311 979 491 1034 steros,
511 973 655 1037 quod
681 974 815 1038 ejus,
837 976 991 1025 avite
1015 974 1162 1026 obliti
1192 991 1252 1025 ac
1282 977 1372 1024 bo·

228 1104 244 1118 ⁶
307 1049 396 1097 stis
437 1048 718 1114 libertatis,
765 1050 987 1113 perfidis
1036 1052 1089 1101 iu
1133 1055 1374 1117 patriam,

306 1123 471 1174 studio
513 1125 569 1174 in
610 1126 913 1189 Romanos3
945 1127 1125 1177 borum
1150 1128 1375 1192 imperii,

307 1214 403 1250 nou
453 1202 553 1250 uisi
606 1204 820 1253 servilia
890 1204 1185 1268 indicentis,
1242 1206 1375 1254 inter

309 1276 477 1326 Albim
518 1292 581 1327 ac
627 1279 891 1340 Rhenum,
911 1281 1061 1330 datos
1100 1296 1133 1331 a
1172 1282 1378 1331 Natura

308 1353 546 1403 custodes
561 1354 853 1415 libertatis,
893 1354 1110 1420 iusignia
1127 1358 1232 1407 sint
1257 1372 1377 1408 con-

308 1437 498 1492 specta.
537 1431 729 1495 Neque
744 1432 974 1482 alienum
992 1439 1081 1482 aut
1094 1432 1378 1482 absurdum

312 1514 469 1565 videri
490 1515 656 1567 debet
670 1517 822 1580 illud,
837 1518 1085 1581 hanimi,
1107 1534 1209 1583 quo
1221 1519 1378 1583 Sege-

310 1597 435 1641 stem
458 1591 728 1643 Arminius
751 1594 1011 1658 designat.
1045 1596 1131 1645 Sic
1155 1597 1289 1645 euim
1308 1596 1381 1646 lo-

310 1666 527 1733 quimur,
572 1669 783 1734 quoties
822 1677 1047 1732 nostros,
1090 1671 1133 1720 si
1176 1671 1379 1720 adversi

311 1744 409 1792 siut
429 1745 601 1806 nobis,
625 1752 720 1794 ant
736 1744 908 1806 infidi,
934 1753 1025 1796 aut
1039 1761 1133 1797 nos
1157 1744 1384 1796 offende-

310 1818 426 1881 runt,
463 1834 754 1884 agnoscere
797 1822 982 1871 merito
1020 1822 1383 1885 dedignamur,

313 1894 495 1958 passim
544 1901 741 1945 extant
798 1897 1060 1961 exempla.
1128 1897 1212 1947 Ad
1251 1896 1384 1948 banc

313 1967 422 2020 fere
466 1969 692 2022 formam
738 1972 998 2022 Dominus
1042 1973 1167 2024 Job.
1206 1988 1284 2025 iv.
1320 1975 1385 2024 ad

314 2044 561 2108 mucan,
603 2061 694 2095 res
724 2061 831 2096 non
871 2061 985 2097 suas
1020 2048 1387 2113 intempestive

314 2131 625 2184 carantem;
681 2124 697 2151 ‘
738 2124 885 2176 Quid
918 2126 1040 2175 mibi
1079 2133 1252 2175 tecum
1285 2134 1386 2189 est,

315 2197 551 2248 Hulierl'
622 2199 744 2248 Non
785 2199 942 2248 aliter
981 2214 1043 2250 ac
1084 2201 1127 2250 si
1169 2208 1385 2250 matrem

312 2271 391 2323 bic
412 2288 515 2324 uon
539 2282 882 2338 agnosceret.
948 2276 1017 2325 Et
1039 2275 1240 2327 infinita
1264 2278 1389 2327 talia

315 2350 449 2413 apud
520 2357 794 2401 auctores.
878 2351 1198 2403 Boaehorniss.
1263 2354 1389 2402 Meo

307 2425 508 2488 judicio
545 2435 701 2476 recte
746 2426 982 2489 Grotius,
1015 2428 1225 2478 honines
1271 2430 1393 2477 Ger·

312 2516 483 2553 mss.
556 2502 739 2552 Livius
763 2502 798 2552 l.
826 2515 966 2555 xus.
998 2505 1014 2532 ⁸
1037 2504 1238 2568 Regem
1273 2505 1393 2554 edn-

318 2579 541 2628 caudnm
591 2576 753 2627 filium
800 2580 1015 2629 Romam
1056 2581 1277 2642 misisse,
1334 2587 1394 2630 ut

312 2653 420 2717 jam
470 2654 607 2704 inde
647 2669 678 2703 a
716 2669 886 2718 puero
930 2663 1253 2707 assuesceret
1287 2672 1394 2707 mo·

322 2730 461 2780 ribus
505 2731 766 2780 Romanis
811 2732 1234 2798 hominibusque!
1300 2735 1396 2784 Est

323 2821 481 2870 genus
504 2808 818 2871 excusandi,
851 2809 989 2873 quod
1025 2824 1130 2859 non
1164 2810 1398 2859 inanibus

322 2883 511 2946 verbis,
572 2883 667 2932 sed
723 2884 880 2933 rebus
940 2885 1212 2950 quaritur.
1309 2886 1396 2935 Sic

321 2957 521 3008 Statius
546 2957 718 3009 Theb.
743 2973 785 3007 r.
857 2960 875 2986 ‘
894 2959 973 3009 Tu
1007 2962 1161 3010 modo
1183 2960 1401 3011 dissimi-

324 3032 384 3082 lis
406 3034 572 3083 rebus
612 3048 843 3083 mere-re
869 3036 1112 3086 secundis
1135 3037 1399 3086 Excusare

325 3109 476 3159 mos)
552 3108 618 3157 Id
659 3117 760 3173 est,
799 3119 1074 3176 praestare‚
1109 3121 1169 3163 ut
1206 3114 1307 3162 illis
1329 3115 1401 3177 ig-

324 3193 596 3247 noscatur,
618 3194 678 3236 ut
700 3202 798 3251 pro
832 3189 1066 3253 purgatis
1100 3192 1404 3242 habeantur.

328 3261 445 3312 Hoc
491 3262 746 3326 iutelligit
766 3264 996 3328 Tacitus,
1031 3265 1408 3331 significatque,

328 3338 419 3402 qui
442 3350 578 3386 vere
601 3337 855 3387 Germani
879 3339 1000 3403 sint,
1023 3349 1078 3390 et
1100 3344 1196 3391 boc
1218 3356 1406 3390 nomeu

330 3420 607 3473 tueumur,
662 3428 751 3462 eos
797 3416 1087 3466 meminisse
1142 3425 1408 3481 oportere,

331 3488 511 3554 quood
550 3488 751 3550 vivant,
794 3490 1161 3541 elaborandum
1201 3493 1317 3554 sibi,
1348 3499 1411 3542 ut

332 3565 471 3614 hauc
518 3566 774 3613 mactilam
817 3564 1036 3616 diversis
1079 3574 1136 3616 et
1186 3567 1410 3618 fortibus

334 3640 499 3692 factis
521 3639 755 3704 deleant,
787 3655 887 3691 uec
908 3642 960 3692 in
982 3659 1043 3693 eo
1064 3658 1288 3709 unquam
1311 3645 1412 3693 sibi

332 3715 663 3768 satisfacere.
727 3717 884 3766 Adde
919 3734 1035 3783 quaa
1058 3720 1281 3770 diximus
1303 3721 1412 3770 Ob-

339 3809 448 3844 ser.
470 3806 537 3842 ιι.
563 3797 642 3843 18.
711 3793 850 3842 Nam
865 3795 1000 3857 quod
1019 3797 1115 3847 iste
1139 3796 1412 3859 obnititur,

339 3868 466 3933 quid
498 3875 583 3917 est
602 3883 844 3930 mquam
872 3870 994 3918 setis
1013 3878 1317 3921 sumu-os
1336 3872 1416 3920 ho·

340 3945 538 4005 niusa,
554 3943 665 4007 qui,
684 3945 728 3991 si
753 3945 913 4007 culpa
930 3946 1042 4009 ejus
1067 3947 1121 3996 id
1145 3949 1418 4012 acciderit,

342 4019 543 4070 nemini
583 4019 927 4082 excusandus,
961 4022 1050 4071 sed
1076 4023 1313 4073 omuibus
1336 4038 1418 4073 ac·

346 4096 609 4147 cusandus
653 4095 815 4144 debet
875 4095 1072 4146 videri?
1124 4100 1198 4149 ita
1243 4099 1418 4149 diceu-

348 4174 471 4225 ἀι,
515 4179 650 4232 erat,
712 4171 890 4220 mbos
932 4172 1145 4235 Segestis
1186 4190 1422 4238 nunquam

349 4250 583 4301 badum
619 4249 743 4298 sotis
779 4254 1083 4301 mma
1120 4252 1259 4316 apud
1293 4253 1421 4301 alios

354 4325 664 4398 qens-os.
696 4325 1083 4391 Freinshemius
1104 4328 1421 4395 παροφρείζει,

2329 349 2506 435 3819

1436 521 1723 571 Germanos
1737 520 1891 584 hujus
1910 519 2215 584 proditionis
2231 524 2358 568 nota
2378 532 2506 568 nun-

1437 613 1590 661 quam
1631 598 1961 656 liberaturos,
2007 597 2144 661 quod
2190 596 2303 659 ejus
2350 608 2508 659 opera

1437 672 1635 722 factum
1658 678 1753 721 est.
1826 672 1946 721 Hoc
1968 679 2072 732 est,
2109 687 2343 735 nunquan
2367 686 2507 720 excu-

1438 754 1640 810 saturos,
1672 762 1772 797 non
1791 763 2027 811 nunquam
2056 748 2175 796 sotis
2196 754 2510 797 excusaturos.

1441 825 1753 874 Gronovius.

1508 903 1792 965 Ignorantia
1848 903 2038 965 imperii
2095 903 2323 965 mmm]
2388 902 2510 953 Non

1445 988 1717 1042 mutarem,
1757 980 1858 1029 etsi
1910 979 2135 1042 Lipsius,
2169 980 2511 1042 ignorantionis,

1445 1057 1620 1118 legere
1641 1056 1852 1104 mallet:
1879 1055 1954 1104 ait
1976 1055 2111 1103 enim
2128 1056 2360 1112 Tacitus,
2381 1053 2514 1103 Ger·

1448 1145 1624 1179 manos
1658 1132 1798 1180 inter
1815 1130 1988 1179 Albim
2025 1137 2081 1179 et
2106 1131 2340 1180 Rhenum
2375 1129 2518 1178 iuco-

1448 1206 1633 1267 lentes,
1667 1206 1849 1270 quibus
1887 1212 2067 1254 notum
2107 1206 2376 1268 imperium
2417 1205 2519 1254 Ro·

1449 1297 1673 1342 ananum,
1707 1283 1875 1346 virgas
1907 1290 1964 1332 et
1997 1297 2206 1332 secures
2231 1288 2515 1345 expertast

1451 1357 1577 1406 alius
1621 1371 1743 1406 vero
1790 1364 1969 1420 gentes
2025 1357 2259 1421 ejusdem
2313 1356 2518 1420 imperii

1447 1437 1671 1499 ignaras,
1694 1436 1902 1485 istarum
1923 1437 2080 1486 etiam
2106 1448 2274 1485 rerum
2298 1435 2516 1484 nescias.

1451 1512 1680 1561 Piclseno.
1716 1512 1877 1562 Certe
1914 1513 2027 1563 aliae
2052 1519 2257 1576 gentes,
2279 1528 2394 1577 quae
2418 1514 2520 1562 Ro·

1450 1601 1657 1637 manum
1702 1583 1972 1651 imperium
2034 1589 2170 1638 haud
2214 1595 2521 1652 agnoscunt,

1452 1676 1556 1712 non
1593 1663 1877 1727 suppliciis,
1915 1678 2021 1713 non
2045 1664 2269 1725 tributis,
2294 1679 2408 1728 quoe
2431 1664 2522 1712 sti—

1455 1738 1739 1802 pendiariis
1776 1739 2059 1801 provinciis
2100 1738 2352 1802 indicunt,
2393 1745 2524 1788 atte-

1456 1819 1660 1862 runtur.
1729 1813 2096 1862 Freinshemius.

1522 1890 1613 1939 Ine
1632 1891 1843 1939 delectus
1871 1888 2111 1952 Rem-ius]
2144 1889 2298 1950 Aliis,
2333 1890 2524 1939 Delec-

1460 1975 1544 2016 tus
1580 1966 1645 2015 ad
1680 1966 1965 2030 imperium.
2030 1965 2181 2018 Quod
2232 1967 2523 2030 quanquam

1461 2057 1637 2091 verum
1660 2044 1751 2104 sit,
1790 2049 1846 2092 et
1863 2043 2045 2091 borum
2068 2042 2229 2092 etiam
2255 2042 2527 2091 verborum

1458 2119 1545 2168 bic
1568 2133 1745 2168 sensus
1768 2132 1881 2168 esse
1907 2119 2102 2183 possit3
2137 2118 2315 2183 potius
2336 2118 2402 2166 ad
2421 2115 2531 2166 bel-

1461 2195 1567 2243 lum
1594 2202 1778 2243 contra
1801 2195 2108 2256 Germanos,
2132 2193 2336 2244 cuidux
2358 2194 2532 2244 delec-

1463 2277 1550 2320 tus
1575 2269 1674 2319 fuit
1697 2270 1958 2333 Tiberius,
1980 2285 2133 2335 quam
2172 2271 2238 2321 ad
2273 2272 2533 2336 principa·

1464 2355 1549 2397 tus
1589 2348 1963 2396 successionem
1995 2347 2079 2396 bic
2117 2348 2304 2411 respici
2328 2356 2529 2412 putem.

1465 2422 1590 2484 Ipse
1627 2421 1832 2485 quidem
1877 2435 1940 2470 u.
1977 2425 2061 2471 26.
2105 2422 2373 2484 gloriatur,
2422 2425 2437 2451 ⁶
2475 2433 2533 2471 se

1466 2496 1645 2545 novies
1687 2496 1755 2544 ab
1800 2494 2041 2558 Augusto
2100 2496 2155 2544 in
2198 2495 2534 2545 Germaniam

1467 2571 1716 2621 missum!
1751 2567 2119 2619 freinshems‘as.
2171 2569 2537 2634 Admitterem,

1469 2648 1512 2696 si
1534 2655 1679 2696 esset
1694 2648 1954 2708 delegatus.
2009 2646 2114 2695 Sed
2136 2647 2285 2710 longe
2317 2646 2537 2711 amplius

1471 2726 1551 2771 est
1573 2723 1794 2782 delectus,
1845 2729 1900 2771 et
1937 2722 2199 2772 Tiberium
2238 2723 2539 2774 extollendo

1469 2804 1628 2860 auget
1672 2797 1877 2846 laudem
1926 2813 2126 2862 eorum,
2164 2814 2196 2847 a
2236 2798 2421 2862 quibus
2461 2799 2541 2849 vir

1473 2875 1593 2923 talis
1625 2874 1799 2924 irritus
1850 2874 2105 2925 discessit.
2183 2876 2284 2925 Ille
2338 2877 2543 2925 delectus

1472 2953 1635 3015 igitur
1666 2959 1750 3002 est
1778 2952 1886 3014 ille,
1930 2966 2080 3015 quem
2113 2966 2268 3001 unum
2291 2966 2358 3000 ex
2382 2951 2543 3000 omni-

1477 3029 1571 3077 bus
1593 3027 1804 3091 (liguum
1832 3027 2095 3090 Augustus
2115 3026 2337 3089 putavit,
2358 3033 2417 3075 ut
2439 3026 2544 3075 hae-

1477 3105 1655 3153 redem
1730 3116 2178 3166 successoremque
2255 3102 2544 3151 ordinaret.

1481 3182 1763 3231 Gronovius.

1531 3258 1760 3307 Cuneo.
1781 3254 2171 3317 Teutoburgiensi
2180 3254 2329 3318 saltu]
2343 3254 2546 3304 Nomen

1481 3336 1764 3384 etiamnum
1804 3333 2000 3382 retinet
2050 3332 2271 3396 inclytus
2317 3333 2549 3381 Romana

1482 3412 1634 3461 clade
1672 3411 1854 3471 saltus,
1894 3409 2185 3471 Tenebo-g.-
2220 3416 2276 3457 et
2313 3408 2549 3459 victoria

1484 3486 1789 3552 cognomine
1806 3485 2019 3549 insignis
2037 3499 2266 3548 campus,
2293 3483 2551 3546 Wivo‘elds,

1485 3564 1551 3612 ad
1594 3563 1856 3626 opidulum
1899 3562 2150 3625 Horuam,
2182 3560 2236 3609 in
2281 3558 2552 3620 Westsuliat

1488 3639 1717 3702 Lipsius.

1537 3715 1675 3764 CA».
1686 3717 1768 3762 61.
1790 3709 2556 3776 Viuqneucmenoriudeformes]

1492 3790 1564 3838 Et
1595 3790 1693 3838 hoc
1719 3789 1856 3837 inter
1877 3795 2071 3838 catera
2092 3789 2370 3837 minutiora
2397 3788 2559 3838 adno-

1491 3865 1632 3925 tabo,
1647 3865 1699 3911 in
1715 3863 1858 3912 Mau.
1882 3864 1982 3926 legi
1997 3864 2292 3925 deson-miden.
2307 3864 2559 3917 Picbeua.

1557 3940 1656 3989 Suo
1708 3939 1809 3987 ictu
1865 3944 2063 3988 mortem
2114 3939 2370 4004 invenerit]
2432 3940 2559 3993 Sall.

1493 4014 1651 4064 Catil.
1691 4015 1706 4041 ‘
1733 4012 1819 4062 Ita
1856 4014 1943 4062 ille
1985 4015 2255 4077 patricius,
2300 4030 2364 4064 cx
2402 4022 2560 4079 gente

1491 4090 1773 4140 clarissima
1813 4090 2187 4150 Corneliorum,
2244 4092 2332 4154 qui
2375 4105 2560 4140 consu·

1492 4168 1602 4216 lare
1625 4166 1897 4228 imperium
1934 4167 2110 4215 Romae
2147 4167 2417 4227 babuerat,
2452 4165 2562 4231 dig·-

1494 4259 1616 4293 num
1647 4244 1895 4306 moribus,
1929 4242 2184 4307 factisque
2218 4243 2326 4292 suis
2357 4241 2560 4297 exitum

1496 4321 1620 4372 vita
1642 4319 1877 4372 invenit?
1944 4318 2231 4369 Gronovius.
