3050 4867
423 387 605 454 3846

491 544 679 607 Dilegit
701 548 841 606 atque
860 539 1101 603 matur]
1153 542 1394 591 Muretus
1407 541 1487 589 de·

425 621 559 684 tigit.
627 621 817 668 Parum
842 619 1080 679 interest,
1104 619 1288 679 diligit,
1322 631 1388 666 an
1410 618 1488 666 de·

426 700 537 762 ligi!
560 697 756 748 scribas
781 712 794 745 :
829 696 950 744 dum
977 703 1210 758 tempore
1232 707 1335 742 nou
1360 707 1489 757 pra:-

429 776 609 836 torito,
631 773 722 822 sed
742 772 1005 835 praesenti.
1059 771 1325 820 Acidalia.

492 852 731 901 Simulata
751 847 1056 910 conscientia]
1109 848 1172 895 Id
1217 853 1315 908 est,
1346 845 1490 894 dissi·

426 928 704 987 rutilantes,
725 924 863 989 quod
886 925 1099 983 scirent,
1122 921 1361 988 quodque
1391 921 1490 985 ipsi

424 1005 479 1055 iu
534 1002 834 1067 precordiis
875 999 1132 1050 haberent
1186 997 1488 1048 certissima.

424 1082 664 1136 Aurelius.
730 1081 760 1108 ³
795 1079 920 1141 Alii,
963 1092 1018 1128 se
1040 1090 1321 1141 agnoscere
1341 1075 1489 1125 illum

427 1173 521 1225 pro
535 1157 789 1221 Agrippa,
805 1156 944 1221 quod
957 1154 1248 1205 conscientie
1258 1166 1358 1202 non
1371 1165 1490 1199 con·

427 1236 581 1300 gruit.
654 1233 876 1283 Conscire
905 1232 1040 1281 enim
1071 1239 1170 1288 est,
1193 1228 1328 1277 idem
1353 1227 1488 1275 scire

425 1311 563 1376 quod
585 1310 711 1358 alius
724 1310 842 1358 scit.
864 1310 1025 1357 Porro
1038 1306 1279 1356 Clemens
1293 1302 1489 1353 sciebat

424 1402 479 1435 se
501 1400 603 1435 nou
627 1400 739 1435 esse
768 1384 1072 1446 Agrippam.
1123 1378 1487 1429 Freinshemius.

426 1462 579 1511 Hanc
598 1459 1085 1523 interpretationem
1096 1455 1372 1506 admittere
1386 1469 1487 1503 non

423 1550 653 1600 possum.
685 1531 1132 1586 Quemadmodum
1149 1530 1283 1579 enim
1302 1530 1486 1593 planus

422 1613 506 1661 hic
550 1610 836 1661 confideret
880 1608 1334 1670 committeretque
1371 1617 1487 1654 sese

425 1689 547 1750 illis,
589 1689 679 1752 qui
715 1688 968 1748 dicerent,
1006 1687 1021 1713 ‘
1045 1685 1246 1734 Scimus
1288 1691 1339 1731 te
1382 1694 1485 1731 non

426 1777 540 1816 esse
563 1763 868 1826 Agrippam,
881 1773 1035 1825 quem
1050 1757 1264 1823 praefers
1279 1757 1311 1806 2’
1328 1758 1486 1806 Pror-

426 1854 511 1890 sus
552 1840 647 1888 hoc
672 1846 787 1887 crat
834 1845 996 1886 totam
1023 1834 1320 1898 tragoediam
1343 1846 1487 1881 ever-

427 1922 556 1963 tere.
623 1916 741 1964 Qua
796 1911 967 1962 fronte
1023 1915 1263 1974 poterant
1296 1906 1485 1963 offerre

426 1991 715 2056 pecuniam,
738 1988 893 2037 fidem
916 1993 973 2036 et
1000 1985 1229 2049 pericula
1251 1982 1485 2046 polliceri

425 2068 514 2132 qui
545 2066 888 2117 detrahebant
910 2065 962 2115 ei
991 2070 1173 2127 aperte
1214 2073 1485 2127 personam

422 2144 519 2193 sub
544 2158 645 2207 qua
668 2152 783 2192 erat
822 2139 1151 2191 favorabilis?
1218 2138 1338 2187 Non
1369 2140 1487 2184 erat

425 2226 530 2270 tam
554 2220 725 2269 fatuus
751 2219 1007 2277 Clemens,
1046 2221 1105 2264 ut
1126 2212 1370 2263 crederet
1397 2211 1487 2260 lio-

424 2295 606 2356 mines‚
629 2296 671 2343 si
693 2293 822 2342 nihil
845 2293 1265 2355 aliud‚ingenuos
1282 2295 1338 2339 et
1356 2288 1487 2338 mili·

423 2376 562 2419 tares
603 2377 927 2419 sacramento
968 2367 1203 2417 dicturos
1222 2366 1290 2428 ei,
1331 2380 1483 2430 quem

422 2446 701 2512 fugitivum
720 2463 832 2498 esse
869 2453 1099 2498 nossent.
1167 2445 1305 2497 Quin
1340 2446 1484 2496 sima-

423 2528 523 2576 luta
563 2526 845 2576 couscientia
888 2531 970 2574 est
1004 2523 1263 2586 fingentes
1288 2537 1345 2571 se
1362 2535 1484 2571 con·

423 2604 558 2656 scios
576 2619 636 2653 ac
654 2603 934 2668 participes
951 2616 1147 2660 eorum,
1164 2599 1252 2665 qui
1265 2598 1483 2663 jampri-

424 2679 541 2729 dem
578 2680 715 2728 illius
753 2679 1031 2729 adventum
1063 2677 1293 2742 optarint
1315 2684 1374 2728 et
1396 2691 1483 2724 ex-

419 2754 964 2819 spectarint,adeoque
981 2752 1372 2817 conspirationis
1386 2766 1483 2816 pro

423 2836 630 2884 servato
652 2844 864 2880 munere
885 2829 1040 2880 deum
1052 2829 1289 2893 Agrippa
1308 2828 1485 2889 factm,

422 2914 479 2958 et
518 2908 651 2958 velle
691 2907 827 2957 omui
854 2905 1007 2956 modo
1041 2905 1261 2968 Augusti
1278 2906 1482 2968 sangui·

421 2998 539 3034 nem
561 2982 809 3033 adversus
827 2982 1060 3032 inimicos
1091 2982 1243 3033 tueri.
1302 2981 1482 3032 Grono-

419 3076 539 3111 ms.

408 3182 415 3190 .
487 3139 659 3189 Fidem
710 3143 848 3201 atque
893 3138 1102 3201 pericula
1153 3137 1481 3202 polliceantur]

423 3215 599 3274 Forte,
635 3215 791 3279 fidem
821 3216 884 3263 ud
922 3214 1129 3277 pericula
1154 3213 1478 3277 polliceantur.

420 3293 611 3342 Tamen
636 3296 691 3340 et
709 3290 971 3353 vulgatum
1010 3290 1276 3339 commode
1310 3290 1482 3354 accipi

420 3374 632 3431 potest:
677 3373 919 3431 tauquam
972 3365 1014 3414 si
1052 3366 1342 3416 communia
1380 3366 1480 3416 sibi

423 3458 540 3493 cum
582 3443 693 3507 ipso
740 3442 971 3505 pericula
1024 3440 1133 3491 fore
1167 3442 1479 3507 spondeant.

487 3596 726 3650 Quomodo
746 3599 802 3642 tu
827 3592 1009 3656 Coesor]
1042 3594 1250 3655 Melius,
1282 3593 1480 3658 opinor,

419 3671 531 3722 sine
557 3669 983 3731 interrogatione.
1039 3669 1281 3720 Aurelius.

485 3748 620 3797 CAP.
640 3751 723 3797 41.
762 3748 929 3797 Ductu
948 3747 1242 3810 Germanici,
1257 3749 1481 3812 auspiciis

424 3821 626 3885 Tiberii]
677 3823 859 3884 Dndu,
878 3822 929 3871 id
953 3830 1033 3871 est
1058 3836 1150 3885 per
1183 3839 1237 3872 se
1273 3825 1475 3886 ipsum;

417 3899 658 3963 auspiciis,
695 3900 897 3963 quando
935 3914 1029 3962 per
1063 3901 1263 3963 legatos
1286 3900 1475 3950 bellum

420 3975 610 4038 agitur,
644 3982 706 4024 ut
740 3983 915 4026 notum
958 3984 1054 4026 est.
1121 3977 1314 4025 Tamen
1339 3979 1476 4041 apud

419 4051 665 4104 Plautum
704 4049 1115 4103 confunduntur:
1172 4054 1319 4102 Sosia
1341 4054 1477 4102 euim

418 4128 486 4178 de
528 4128 654 4178 hero
699 4128 1073 4192 Amphitruone
1119 4130 1355 4193 loquens,
1389 4132 1477 4195 qui

418 4213 604 4257 eontra
651 4206 932 4257 Theleboas
980 4207 1312 4271 militaverat,
1362 4209 1474 4259 ait:

416 4280 436 4311 ‘
456 4290 519 4350 ut
559 4284 780 4348 gesserit
818 4297 987 4350 remp.
1022 4285 1200 4351 ductu,
1240 4285 1479 4352 irnperio,

1136 397 1353 446 1101*AE
1399 397 1736 448 vAmoRU
1749 397 1801 445 M
1851 397 1930 446 {N

1565 529 1792 602 auspicio
1848 554 1938 588 suo
1955 538 1988 588 :'
2044 546 2100 592 et
2153 538 2268 601 ipse
2317 537 2626 602 Amphitruo

1565 613 1687 662 alibi
1711 631 1723 661 ι
1761 614 1776 641 ‘
1803 629 1890 663 eos
1925 616 2151 679 auspicio
2175 631 2289 666 meo
2325 625 2480 682 atque
2503 618 2629 666 duc·

1567 698 1642 751 tu,
1666 692 1833 753 primo
1854 697 1992 740 caetu
2027 693 2279 743 vicimus.'
2348 696 2481 744 Nam
2505 708 2628 743 vere

1564 766 1801 816 Creontis
1815 767 2049 817 Thebani
2074 770 2234 833 Regis
2256 772 2494 833 auspiciis
2519 770 2627 820 bel-

1562 845 1667 892 lum
1687 850 1941 907 patratum
1969 844 2162 898 fuerat.
2217 848 2443 898 Pul-em

1629 920 2034 984 Fortissvrtuaoe]
2070 923 2198 972 Ger.
2223 931 2280 972 et
2296 925 2413 972 ltal.
2438 935 2477 972 ι.
2500 923 2627 972 della

1562 997 1802 1058 insperata
1847 998 2091 1047 Fortuna:
2122 999 2263 1062 quod
2310 1000 2482 1062 placet
2514 1013 2624 1063 pro

1564 1075 1652 1124 illo
1695 1075 1868 1140 Angli,
1917 1077 1976 1137 of
2020 1084 2188 1141 strong
2221 1079 2435 1140 fortune.
2503 1078 2628 1127 Non

1564 1153 1697 1201 euim
1723 1154 1882 1202 Fortis
1901 1156 2134 1217 Fortuna,
2156 1156 2248 1206 sed
2269 1157 2391 1207 Fors
2413 1156 2629 1206 Fortuna

1563 1227 1771 1279 dicitur.
1794 1228 1914 1280 Gal.
1942 1245 2005 1281 n.
2024 1233 2194 1282 omisit
2209 1239 2630 1297 cognomentum,

1561 1309 1821 1368 tamquam
1845 1307 1965 1356 nihil
1991 1304 2212 1357 referret
2274 1308 2426 1357 Alter
2449 1316 2625 1357 autem

1563 1381 1722 1429 vertit
1769 1385 1801 1430 ὰ
1845 1384 1894 1432 la
1945 1384 2169 1434 hear-eust
2205 1384 2428 1446 Famae,
2471 1398 2626 1449 quam

1563 1458 1865 1508 sententiam
1907 1459 2114 1522 probari
2155 1459 2360 1509 videtur
2395 1460 2625 1510 Grutero

1564 1539 1620 1580 et
1640 1532 1968 1585 Taubmanno
2004 1536 2055 1585 in
2095 1535 2269 1586 Plaut.
2309 1536 2502 1585 Bacch.
2542 1548 2623 1584 tv.

1564 1613 1613 1670 8,
1638 1613 1720 1659 76.
1767 1610 2136 1661 Freinshemius.

1633 1684 1958 1748 ffiumplmeit
2012 1691 2070 1736 de
2106 1686 2373 1751 Cheruscis]
2435 1688 2623 1737 Plures

1564 1766 1748 1822 gentes
1772 1761 1824 1808 in
1845 1761 1942 1812 hoc
1965 1764 2225 1827 triumpho
2257 1764 2445 1814 Strabo
2468 1763 2628 1814 nomi·

1564 1842 1671 1895 nat,
1691 1837 1782 1885 sed
1809 1837 1978 1887 verbis
2003 1839 2261 1904 corruptis
2285 1856 2298 1889 ι
2345 1841 2408 1890 de
2440 1839 2625 1905 quibus

1565 1911 1741 1961 videro
1763 1912 1815 1961 in
1839 1914 2119 1964 Germania
2139 1915 2331 1965 Taciti.
2389 1916 2541 1965 Idem.

1628 1988 1851 2037 Trecentos
1869 1991 1996 2053 plebi
2024 1990 2288 2054 natenius]
2336 1992 2625 2042 Duodecim

1563 2076 1760 2114 aureos.
1805 2066 2042 2115 Muretus.

1626 2140 1855 2189 Citam.
1881 2141 2287 2207 nasu-chelm]
2320 2144 2354 2194 J
2362 2144 2523 2192 uda‘ae
2549 2150 2624 2193 te·

1562 2216 1788 2276 trarcha‚
1806 2231 1894 2266 rex
1909 2219 2271 2282 Cappadociae.
2300 2209 2481 2268 Μυῖα.
2517 2219 2623 2268 Im-

1561 2305 1644 2340 mo
1666 2306 1758 2340 rex
1783 2294 2168 2356 Cappadocum,
2197 2309 2297 2344 non
2318 2295 2518 2346 Judaeae
2545 2303 2623 2345 te·

1565 2368 1785 2416 trarcha.
1854 2368 1958 2418 Hic
2014 2369 2242 2419 Herodis
2280 2376 2393 2420 erat
2435 2369 2568 2420 filius
2608 2387 2623 2420 z

1558 2443 1648 2492 ille
1673 2457 1738 2492 ex
1776 2444 1996 2508 posteris
2019 2445 2277 2508 Archelai,
2299 2445 2625 2497 Mithridatis

1559 2519 1817 2583 praefecti.
1841 2521 2088 2573 Archelai
2098 2522 2131 2574 J
2138 2523 2273 2573 udaei
2286 2522 2447 2573 frater
2467 2522 2623 2572 Alex-

1560 2598 1721 2650 ander
1781 2601 2029 2652 Archelai
2088 2603 2414 2668 Cappadocis
2462 2602 2623 2653 filiam

1559 2677 1862 2743 Glaphyren
1896 2694 2110 2730 uxorem
2143 2681 2340 2731 habuit.
2409 2681 2621 2729 Gronov.

1624 2756 1769 2804 Nullo
1788 2757 1937 2821 qfflcio
1957 2756 2196 2819 coluisset]
2241 2758 2371 2807 Cum
2397 2765 2565 2806 tumen
2590 2772 2623 2806 a

1559 2831 1663 2880 suis
1683 2831 1823 2894 apud
1842 2830 2135 2896 Augustum
2158 2841 2452 2895 aecusatus,
2474 2833 2624 2883 Tibe·

1560 2907 1623 2956 rii
1646 2907 1938 2971 patrocinio
1973 2922 2092 2958 usus
2125 2917 2282 2959 esset.
2351 2910 2474 2972 Dio,
2494 2911 2622 2960 Sue·

1558 2984 1751 3044 tonius,
1773 2990 1831 3033 et
1872 2982 2131 3047 Josephus
2166 2985 2254 3035 lib.
2292 2999 2354 3035 n.
2385 2986 2450 3035 ‹le
2483 2984 2622 3036 bello

1556 3059 1797 3112 Judaico.
1852 3060 2088 3111 Muretus.
2154 3059 2354 3110 Iterum
2410 3060 2626 3112 confun-

1559 3135 1635 3184 dit
1656 3134 1788 3185 duos
1811 3134 2094 3186 Archelaus
2118 3152 2131 3185 ε
2167 3150 2283 3186 nam
2322 3137 2388 3186 de
2419 3137 2621 3202 Cappa·

1557 3212 1688 3262 doce
1713 3212 1817 3261 Dio
1839 3223 1975 3262 nvn.
2011 3219 2068 3262 et
2104 3213 2402 3276 Suetonius,
2440 3213 2506 3264 de
2529 3215 2625 3266 Ju-

1559 3287 1678 3337 doeo
1694 3287 1970 3351 Josephus.
2028 3289 2308 3340 Gronovius.

1630 3366 1778 3415 Verso
1802 3367 2043 3416 Caemm
2060 3366 2238 3429 subole]
2304 3367 2529 3418 Quidam
2546 3368 2625 3434 fi-

1556 3441 1706 3490 nicam
1758 3442 2189 3506 interpretantur.
2285 3442 2390 3492 Sed
2441 3458 2622 3496 versant

1554 3519 1785 3580 Tacitus,
1817 3532 1919 3568 uon
1940 3519 2158 3584 finitum,
2191 3520 2295 3569 ait:
2347 3528 2619 3584 supererat

1554 3595 1688 3643 enim
1731 3595 1899 3645 adhuc
1923 3595 2164 3659 Agrippa
2193 3597 2489 3657 Postumus,
2526 3596 2620 3645 sed

1553 3679 1851 3733 eversus,et
1866 3670 1918 3718 in
1936 3671 2143 3720 exilium
2179 3672 2375 3732 missus.
2448 3671 2620 3720 Frein-

1551 3746 1771 3796 alienius.

1620 3823 1680 3872 Iu
1715 3822 2004 3885 provinc-im
2022 3824 2262 3872 redactum
2283 3821 2378 3885 est]
2443 3822 2618 3874 Strab.

1553 3901 1587 3948 1.
1610 3912 1713 3949 xit.
1749 3900 1843 3957 Τῆς
1862 3897 1913 3947 δὲ
1944 3897 2162 3961 μηάλης
2184 3899 2621 3960 Καπαδοκίαςγΰν

1549 3977 1637 4039 μὲν
1659 3978 1744 4027 οὔκ
1774 3979 1912 4038 ἴσμεν
1941 3979 2128 4043 πρώτην
2165 3979 2387 4043 διάταξιν.
2451 3988 2622 4031 Τελευ-

1550 4055 1783 4114 τήσαντος
1802 4056 1897 4119 γὰρ
1914 4056 2001 4106 τὸν
2019 4056 2126 4113 βίον
2144 4055 2407 4121 Ἀρχελάου
2423 4059 2511 4107 τοῦ
2528 4062 2619 4114 βα-

1551 4132 1859 4182 σιλεύσαντος
1891 4130 2013 4193 ἔγνω
2051 4131 2232 4197 Καῖσάρ
2251 4152 2308 4183 τε
2328 4133 2408 4184 καὶ
2438 4133 2470 4192 ἡ
2499 4131 2621 4196 σύγ·

1550 4220 1728 4270 “Amos
1759 4208 1992 4273 ἑῐαρχίυ
2034 4207 2150 4259 εἶναι
2188 4208 2420 4271 Ῥωμαίων
2453 4209 2622 4270 abr&-

1550 4288 1786 4354 Regnum
1806 4295 1981 4339 autem
1995 4287 2344 4353 Cappadocia
2358 4303 2392 4339 a
2407 4288 2618 4340 Tiberio
