3050 4867
1023 364 1106 417 ns
1158 367 1306 416 mn.
1353 367 1439 416 11.
1488 368 1926 418 snnsmusi.
2396 352 2573 420 m

1429 588 1500 640 01.

437 714 574 769 Cu.
595 718 680 767 88.
715 714 954 779 Byssina,
984 730 1014 765 e
1036 715 1174 779 lino;
1209 715 1549 782 Bombycina,
1570 732 1602 768 e
1624 731 1837 777 verme·
1868 716 2066 779 Serica,
2088 731 2157 767 ex
2186 717 2425 775 arborum
2446 720 2586 786 lana,

371 793 648 870 confectae.
711 794 1038 860 Bomb>cina
1059 795 1241 849 eedem
1280 802 1366 847 est
1383 812 1505 851 cum
1529 797 1638 850 Cea
1675 798 1783 848 sive
1825 798 1934 849 Coa
1971 798 2123 863 (nihil
2155 798 2292 851 enim
2334 800 2581 869 interest)

367 862 647 944 manetque
686 877 870 935 hodie:
907 879 1218 943 reliquarum
1257 879 1382 931 nihil
1425 886 1669 944 superest
1703 889 1894 943 praeter
1935 895 2138 932 nomen.
2204 882 2423 946 Byssnm
2464 898 2580 939 cum

366 956 564 1023 Serico,
584 957 823 1021 imperite
847 956 1122 1009 confundit
1158 958 1506 1009 Philostratus
1549 960 1681 1010 libro
1722 974 1785 1011 ιι.
1832 969 1887 1010 et
1925 961 2033 1011 vult
2072 976 2139 1011 ex
2177 963 2362 1013 arbore
2400 963 2584 1015 Indica

366 1039 533 1100 nasci,
573 1054 688 1103 quae
724 1038 999 1089 altitudine
1044 1038 1253 1106 quidem
1298 1040 1520 1104 populos
1563 1046 1755 1107 aequet,
1792 1038 1928 1091 foliis
1975 1041 2121 1090 salici
2161 1056 2262 1091 non
2307 1042 2581 1107 absimilis.

364 1117 597 1169 Sericum
638 1119 901 1170 debuisset
943 1119 1134 1172 dicere.
1204 1119 1338 1171 Nam
1373 1120 1571 1185 Byssus
1610 1135 1640 1171 e
1683 1127 1823 1171 terra
1856 1119 2088 1185 gignitur
2119 1128 2179 1171 ut
2216 1121 2401 1185 linum,
2438 1123 2581 1174 circa

370 1198 575 1249 Elidem
612 1200 896 1264 praecipue,
917 1199 1129 1251 Achaia
1169 1200 1368 1253 urbem.
1433 1200 1631 1251 Eadem
1657 1200 1920 1265 imperitia
1940 1200 2582 1264 Bombycinam,Sericam

367 1277 498 1329 facit
529 1279 760 1331 Isidorus
785 1283 818 1331 l.
845 1295 967 1333 xix.
1031 1283 1090 1332 Si
1126 1289 1299 1333 tamen
1323 1283 1585 1348 imperitia
1605 1290 1708 1347 est,
1729 1289 1786 1334 et
1808 1298 1909 1336 non
1935 1289 2152 1346 recepta
2175 1282 2349 1346 opinio
2370 1281 2584 1335 inferio·

364 1359 436 1409 ris
460 1359 576 1410 oevi.
645 1361 781 1411 Nem
821 1368 878 1411 et
900 1363 1129 1413 Zonaras
1165 1364 1219 1412 in
1235 1363 1521 1416 Justiniani
1544 1364 1651 1415 vita
1672 1364 1876 1428 scribit,
1897 1363 1913 1390 ‘
1935 1364 2051 1427 ejus
2068 1362 2386 1427 temporibus
2419 1365 2581 1414 telam

366 1441 585 1490 sericam
607 1456 640 1490 a
663 1441 908 1493 Romanis
941 1445 1017 1509 [id
1053 1451 1155 1509 est,
1178 1445 1381 1497 Graecis
1421 1445 1750 1513 Byzantinis]
1788 1445 1898 1495 texi
1938 1451 2181 1509 coeptnm,
2218 1458 2348 1495 cum·
2372 1450 2581 1496 antean

362 1520 591 1573 Persicis
613 1526 987 1575 mercatoribus
1011 1533 1211 1579 tantum
1244 1528 1635 1593 importaretur,
1658 1542 1756 1579 nec
1780 1527 1998 1578 Romani
2020 1526 2214 1577 scirent
2235 1524 2325 1575 fila
2344 1524 2436 1575 illa
2465 1539 2580 1576 esse

363 1604 672 1655 vermium.’'
720 1607 791 1657 Et
814 1607 961 1658 addit
984 1608 1113 1659 duos
1137 1612 1414 1661 monachos
1437 1626 1536 1663 ova
1557 1612 1645 1661 illa
1665 1611 1917 1661 vermium
1939 1625 2004 1660 ex
2040 1608 2194 1659 India
2228 1609 2487 1673 attulisse,
2521 1615 2580 1660 et

362 1684 492 1733 mori
530 1683 670 1736 foliis
710 1688 914 1750 aluisse,
933 1699 990 1739 et
1027 1690 1149 1740 inde
1189 1691 1408 1742 sericum
1448 1690 1749 1742 confecisse.
1818 1691 1960 1742 Otho
1983 1690 2110 1739 item
2145 1688 2489 1754 Frisingensis
2524 1689 2578 1738 in

363 1765 582 1815 historia
605 1767 858 1818 Friderici
880 1769 915 1819 l.
941 1783 981 1819 ι.
1000 1770 1075 1819 ait
1099 1770 1414 1821 Rodericum
1437 1771 1664 1821 Siculum
1688 1771 2001 1836 expugnatis
2023 1770 2074 1818 in
2094 1767 2299 1819 Graecia
2339 1768 2577 1831 Athenis,

365 1846 635 1906 Corintho,
655 1848 868 1912 Thebis,
905 1848 1118 1915 opifices
1142 1851 1229 1916 qui
1266 1852 1460 1902 sericos
1498 1866 1698 1916 pannos
1735 1850 1992 1903 texebant
2013 1848 2288 1900 deduxisse
2320 1849 2577 1914 captivos,

361 1932 418 1977 et
440 1926 494 1976 in
512 1927 703 1977 Siciliae
727 1929 856 1978 urbe
874 1931 1115 1980 Palermo
1137 1931 1433 1982 collocasse.
1501 1932 1634 1983 lude
1655 1931 1853 1983 factum
1876 1938 2106 1998 utquam
2131 1929 2409 1982 textrinam
2434 1930 2577 1993 prius

361 2007 459 2056 soli
484 2007 660 2057 Graeci
684 2009 820 2059 inter
841 2009 1157 2061 Christianos
1178 2011 1468 2076 habuerint,
1505 2027 1622 2063 cum
1661 2011 1904 2062 Romanis
1937 2009 2316 2061 communicata
2338 2010 2407 2059 sit
2434 2009 2578 2074 inge-

361 2086 478 2137 niis.
545 2089 663 2137 Nec
685 2087 967 2139 abhorrent
990 2090 1057 2139 ab
1081 2090 1178 2139 bac
1199 2090 1465 2142 sententia
1479 2092 1787 2156 Pausanias,
1799 2091 2007 2153 Pollux,
2020 2090 2250 2141 Servius.
2316 2088 2392 2140 At
2412 2090 2580 2155 magis

361 2172 571 2216 veteres
591 2168 949 2219 discriminant
980 2169 1156 2219 clare:
1192 2176 1247 2219 et
1283 2171 1453 2220 lanam
1490 2171 1732 2221 arborum
1770 2185 1885 2221 esse
1927 2170 2158 2221 Sericum
2197 2170 2399 2232 volunt,
2436 2168 2575 2233 apud

359 2246 517 2297 Seres
539 2248 717 2298 Indos.
784 2249 971 2314 virgil.
1002 2249 1020 2277 ‘
1041 2250 1350 2315 velleraque
1392 2258 1452 2300 ut
1489 2249 1633 2300 foliis
1666 2251 1949 2315 depectant
1992 2250 2173 2300 tenuia
2207 2248 2402 2300 Seres!
2466 2249 2576 2299 Pli-

362 2327 508 2378 nius:
534 2329 550 2356 ‘
574 2328 727 2379 Seres
745 2327 936 2379 lanicio
958 2328 1204 2391 silvarum
1226 2329 1441 2393 nobiles,
1480 2329 1746 2395 perfusam
1787 2346 1919 2395 aqua
1956 2330 2294 2393 depectentes
2315 2328 2576 2379 frondium

363 2407 640 2458 canitiem!
704 2410 905 2460 Seneca
936 2409 1124 2473 poe'ta:
1159 2410 1175 2439 ‘
1201 2410 1334 2463 Quae
1372 2410 1461 2460 tila
1489 2412 1646 2460 ramis
1670 2410 1837 2460 ultimi
1874 2410 2030 2460 Seres
2069 2409 2283 2473 legunt?
2350 2409 2577 2459 Marcel-

360 2486 498 2537 linus
541 2488 576 2538 l.
598 2501 764 2538 xxm.
815 2489 832 2515 ‘
855 2487 1013 2551 Apud
1047 2488 1200 2539 Seras
1243 2489 1532 2539 sublucidae
1578 2490 1747 2553 silvae,
1797 2490 1852 2539 in
1896 2487 2083 2554 quibus
2128 2488 2369 2540 arborum
2419 2487 2574 2538 foetus

362 2580 613 2632 aquarum
679 2569 1035 2632 asperginibus
1085 2569 1282 2619 crebris
1327 2570 1468 2618 velut
1518 2569 1750 2634 quoedam
1804 2569 1997 2618 vellera
2050 2568 2362 2631 mollientes,
2393 2582 2459 2617 ex
2503 2569 2577 2621 la.

361 2646 553 2711 nugiue
588 2656 646 2698 et
683 2649 881 2713 liquore
939 2648 1156 2699 mixtam
1209 2649 1558 2701 subtilitatem
1617 2650 1946 2700 tenerrimam
2001 2654 2238 2714 pectunt,
2288 2654 2575 2713 nentesque

361 2727 654 2779 subtemine
676 2728 959 2779 conficiunt
978 2729 1238 2779 sericum?
1303 2732 1388 2781 De
1418 2730 1498 2780 bis
1519 2730 1738 2793 Seneca,
1762 2730 1848 2781 De
1871 2727 2134 2780 beneficiis
2154 2729 2191 2778 1.
2210 2742 2341 2779 vm:
2365 2728 2381 2755 ‘
2406 2728 2576 2795 Video

360 2807 554 2857 sericas
576 2814 765 2870 vestes,
788 2809 1026 2865 sivestes
1050 2809 1298 2859 vocandae
1322 2809 1526 2873 sunt,in
1548 2809 1731 2874 quibus
1755 2810 1880 2859 nihil
1901 2816 1985 2860 est
2006 2824 2107 2875 quo
2130 2807 2343 2858 defendi
2364 2821 2577 2871 corpus,

360 2894 452 2937 aut
487 2887 709 2953 denique
744 2889 915 2952 pudor
961 2890 1150 2953 possit:
1185 2889 1368 2954 quibus
1392 2888 1633 2952 sumptis,
1668 2890 1853 2938 mulier
1875 2903 2055 2952 parum
2078 2886 2272 2952 liquido
2293 2885 2480 2935 nudam
2516 2900 2573 2935 se

359 2980 464 3018 non
504 2982 618 3017 esse
652 2969 874 3032 jurabit.
943 2969 1076 3019 Hac
1115 2970 1312 3034 ingenti
1355 2983 1555 3021 summa
1593 2968 1660 3018 ab
1701 2969 1891 3033 ignotis
1915 2969 2070 3017 etiam
2105 2967 2173 3016 ad
2212 2965 2575 3015 commercium

361 3047 606 3111 gentibus
628 3056 981 3110 accersuntur,
1004 3056 1065 3100 ut
1086 3058 1335 3100 matrone
1361 3055 1558 3099 nostrae
1597 3063 1664 3097 ne
1708 3048 1959 3097 adulteris
1997 3045 2207 3112 quidem
2245 3045 2361 3108 plus
2406 3046 2485 3094 sui
2521 3044 2574 3093 in

360 3127 621 3191 cubiculo,
642 3143 793 3193 quam
817 3131 869 3178 in
893 3129 1102 3193 publico
1124 3128 1442 3180 ostendant-¹
1509 3128 1859 3181 Pellucebant
1880 3127 2019 3179 enlm
2042 3126 2343 3189 tenerrima,
2365 3131 2425 3175 ut
2449 3124 2573 3174 Am-

359 3207 561 3258 mianus
599 3208 852 3273 loquitur,
893 3209 1203 3259 subtilitate.
1270 3208 1503 3274 Ideoque
1546 3208 1781 3274 quotiens
1805 3205 2120 3271 pellucidam
2159 3210 2378 3267 vestem,
2415 3205 2579 3269 pellus-

361 3295 566 3339 centem
588 3297 777 3352 togam,
803 3289 1033 3354 taliaque
1056 3290 1216 3353 legis:
1252 3290 1430 3352 capito
1449 3290 1516 3340 de
1537 3290 1737 3352 Serica,
1760 3296 1851 3338 aut
1874 3289 2001 3337 Coa.
2066 3285 2335 3339 Juvenalis
2357 3301 2371 3334 :
2402 3285 2418 3313 ⁴
2435 3283 2574 3337 Acer

360 3373 418 3418 et
456 3366 735 3418 indomitus
774 3368 1134 3433 libertatisque
1178 3369 1427 3433 magister
1471 3371 1680 3420 Cretice
1720 3367 1985 3434 pelluces‚’
2016 3367 2245 3431 ceperim
2278 3364 2345 3417 de
2373 3364 2574 3417 Serica.

360 3446 618 3510 Tibullus,
639 3447 705 3499 de
726 3448 1076 3513 Bombycina:
1114 3451 1128 3475 ⁸
1153 3449 1254 3499 Illa
1275 3455 1425 3513 gerat
1452 3458 1633 3500 tenues
1654 3456 1848 3509 vestes,
1882 3462 2008 3512 quas
2028 3445 2218 3496 femina
2239 3446 2347 3496 Cea
2363 3445 2578 3510 Texuit,

358 3533 568 3579 auratas
591 3528 946 3594 disposuitque
969 3530 1078 3579 vias
1096 3528 1130 3591 3'
1161 3537 1217 3580 et
1235 3530 1513 3581 Horatius:
1549 3532 1565 3559 ‘
1588 3533 1757 3580 altera
1778 3528 1850 3581 nil
1872 3528 2050 3579 obstat
2073 3527 2193 3577 Cois
2212 3526 2342 3577 tibi.'
2396 3525 2577 3579 Serica

360 3607 567 3675 quando
588 3608 830 3658 venerint
869 3609 921 3658 in
946 3624 1110 3671 usum,
1133 3609 1428 3673 planissime
1460 3625 1564 3663 non
1600 3611 1739 3661 scio:
1776 3609 2010 3673 suspicor
2029 3607 2157 3659 Julii
2195 3606 2417 3658 Caesaris
2444 3621 2574 3663 aevo,

359 3688 506 3753 (nam
523 3697 648 3740 ante
673 3704 775 3739 non
797 3688 1050 3753 invenio,)
1064 3691 1151 3755 qui
1173 3692 1329 3741 etiam
1348 3691 1482 3741 ludis
1504 3692 1761 3761 theatrum
1775 3696 1941 3740 totum
1960 3688 2088 3738 velis
2107 3688 2342 3739 contexit
2362 3686 2569 3736 sericis:

359 3774 421 3819 ut
455 3782 523 3820 ex
561 3769 895 3834 quorumdam
927 3769 1032 3819 tide
1066 3771 1171 3819 Dio
1207 3768 1374 3819 refert
1411 3771 1642 3823 l.xt.1n.
1708 3771 1837 3819 Eam
1882 3776 2079 3819 vestem
2124 3770 2283 3820 etiam
2307 3766 2574 3818 Medicam

359 3850 578 3911 dictam,
597 3850 848 3914 scriptum
871 3850 1079 3915 reliquit
1101 3849 1409 3913 Procopius.
1476 3849 1690 3900 Genera
1723 3849 1838 3914 ejus
1871 3848 2013 3899 facta
2047 3854 2226 3915 postea
2247 3845 2576 3908 Holoserica,

354 3926 668 3995 subserica3
701 3944 922 3997 ususque
960 3930 1154 3997 primus
1198 3928 1506 3981 Holoserica
1549 3929 1878 3996 Eligabalus:
1914 3928 1982 3981 de
2023 3943 2125 3998 quo
2169 3926 2255 3980 adi
2289 3925 2573 3992 scriptores

350 4009 585 4064 historin
618 4011 889 4081 Augusto.
