3050 4867
39 3640 44 3671 *-
37 3554 44 3593 —
37 3466 42 3511 —-
37 3394 44 3429 -2
37 3314 44 3349 —
35 3234 38 3267 μμ

1050 336 1131 385 m
1181 336 1331 385 mn.
1379 336 1462 387 ιι.
1509 336 1950 391 Ariminum,
2414 321 2599 399 4466

387 478 452 533 Id
466 483 565 543 est,
585 476 735 529 Actor
768 479 976 535 Carnis
997 479 1152 529 nostri
1175 479 1430 533 dedicavit.
1495 479 1582 529 Sic
1604 479 1829 531 Actores
1851 479 2183 545 pradictum,
2215 479 2254 530 l.
2285 491 2402 533 m.
2426 480 2488 531 C.
2507 481 2597 547 De

389 559 831 623 procuratoribus.
889 558 1117 611 Actores
1140 575 1330 624 rerum,
1359 562 1394 612 l.
1428 561 1524 610 ult.
1548 563 1633 611 De
1657 559 1789 611 offic.
1820 562 2026 625 proesid.
2046 569 2103 612 et
2139 561 2192 610 in
2217 560 2453 611 Suetonii
2485 562 2598 611 Do·

386 641 604 690 mitiano
655 654 703 689 c.
756 644 836 691 11.
922 640 1170 691 Aetorem
1211 656 1524 693 summarum
1579 642 1679 695 rite
1726 642 1951 693 fortasse
1994 641 2228 706 reposuit
2269 641 2595 691 Torrentius.

388 720 545 770 Certe
566 720 704 771 enim
727 721 963 784 pecuniae
1001 722 1316 786 recipieudm
1349 731 1408 773 et
1442 714 1799 787 expendendae
1832 730 2108 787 praeerant.
2174 721 2427 786 Apuleius
2462 724 2498 772 l.
2530 736 2597 773 11.

386 800 403 828 ⁴
432 800 852 864 Philodespotum
887 803 1109 866 requirit
1131 811 1358 853 actorem
1380 804 1478 869 [ita
1509 820 1543 855 e
1578 804 1761 856 codice
1790 805 1986 869 scripto
2009 803 2231 856 Giselini
2264 802 2428 853 nostri
2472 802 2597 867 legi-

385 894 517 942 mus,
550 895 670 932 cum
704 883 836 931 male
879 883 1046 934 adhuc
1095 884 1386 947 “amah
1437 886 1589 950 eique
1644 887 1904 950 praecipit,
1941 886 2074 936 bono
2110 884 2313 934 custodi
2348 883 2597 939 redderet

385 961 496 1011 siue
519 975 665 1011 mora
685 962 989 1025 proemiumss
1056 964 1132 1015 Ut
1152 979 1279 1028 ergo
1300 965 1388 1015 isti
1409 964 1462 1014 in
1484 967 1692 1029 privata
1707 965 1922 1029 familia,
1953 967 2028 1017 sic
2049 966 2177 1016 etin
2200 980 2312 1030 rep.
2336 964 2593 1017 Actores=

382 1041 452 1091 de
487 1042 672 1107 quibus
712 1042 873 1092 Plinii
913 1044 1084 1093 locum
1127 1049 1416 1094 correctum
1453 1045 1656 1108 imputo
1684 1046 1975 1109 juventuti,
2014 1047 2050 1096 l.
2089 1058 2192 1095 vu.
2257 1044 2492 1107 Epistola
2528 1042 2598 1093 ad

387 1121 686 1172 Caninium:
721 1122 736 1150 ‘
756 1123 1013 1188 Equidem
1035 1124 1160 1174 nihil
1182 1125 1496 1176 commodius
1526 1126 1751 1187 invenio,
1774 1141 1927 1191 quam
1962 1125 2099 1190 quod
2131 1126 2245 1188 ipse
2268 1123 2388 1173 feci.
2455 1123 2594 1177 Nam

386 1216 484 1267 pro
505 1203 800 1267 quingentis
825 1203 1050 1254 millibus
1072 1219 1353 1268 nummum,
1373 1221 1492 1270 quae
1516 1203 1569 1257 in
1593 1206 1839 1256 alimenta
1870 1207 2209 1269 ingenuorum
2240 1203 2598 1268 promiseram,

383 1297 562 1348 agrum
602 1298 670 1333 ex
699 1285 826 1334 meis
847 1285 1001 1348 longe
1039 1286 1204 1348 pluris
1224 1286 1460 1335 exactori
1490 1286 1737 1351 [corrigm
1758 1286 1985 1350 inquam,
2004 1283 2181 1346 actori]
2214 1282 2423 1348 publico
2455 1297 2599 1332 man-

383 1362 574 1427 cipavi,
606 1365 846 1414 eumdem
880 1366 1126 1430 vectigali
1163 1367 1406 1430 imposito
1446 1366 1646 1430 recepi,
1684 1368 1885 1416 tricena
1918 1365 2079 1415 millia
2116 1379 2288 1414 annua
2326 1363 2540 1415 daturus
2555 1360 2594 1413 ε’

383 1444 568 1508 qulbus
603 1445 773 1497 verbis
813 1446 940 1495 nihil
978 1447 1169 1497 clarius
1221 1452 1397 1511 potest
1447 1447 1514 1497 ad
1550 1447 1719 1496 Taciti
1756 1453 1999 1497 mentem.
2065 1446 2140 1495 Ut
2177 1444 2315 1495 enim
2354 1444 2426 1493 ibi
2464 1457 2594 1507 ager

385 1520 568 1573 Actori
593 1526 800 1589 publico
824 1527 1176 1590 mancipatur:
1212 1528 1288 1581 sic
1325 1528 1406 1578 liic
1428 1528 1584 1579 servi.
1648 1526 1785 1577 Vide
1811 1542 1929 1592 quae
1968 1526 2033 1576 de
2053 1526 2187 1590 reip.
2209 1525 2372 1575 servis
2406 1524 2594 1588 scripsi

383 1602 517 1653 libro
561 1605 879 1670 Electorum,
921 1622 967 1657 c.
1005 1612 1087 1657 22.
1126 1613 1182 1657 et
1219 1607 1354 1664 adde
1398 1608 1564 1674 (quod
1611 1613 1737 1658 tune
1791 1621 1874 1657 me
1910 1604 2074 1670 fugit)
2125 1604 2191 1653 de
2235 1603 2589 1669 appellatione

383 1697 560 1733 eorum
599 1700 631 1733 a
654 1686 1057 1749 magistratibus,
1078 1689 1326 1737 Varronis
1354 1689 1610 1751 insignem
1644 1688 1835 1750 locum,
1875 1700 2025 1751 quem
2058 1686 2229 1735 secius
2268 1686 2478 1749 accepit
2518 1684 2598 1734 vir

383 1762 600 1814 doctus:
633 1763 670 1814 l.
693 1778 793 1814 vn.
832 1766 917 1815 De
950 1766 1129 1829 lingua
1164 1767 1383 1816 Latina:
1418 1769 1433 1795 ‘
1461 1767 1685 1818 Nomina
1704 1768 1895 1816 habent
1919 1765 2151 1830 plerique
2182 1765 2357 1813 liberti
2379 1778 2411 1814 a
2432 1765 2595 1815 muni-

381 1843 519 1907 cipio
549 1845 876 1895 manumissis
912 1845 966 1895 in
1002 1861 1125 1911 quo,
1157 1852 1217 1896 ut
1236 1847 1545 1898 societatum
1567 1853 1624 1896 et
1644 1845 1882 1896 fanorum
1902 1844 2037 1896 servi
2060 1859 2163 1893 uon
2184 1851 2455 1894 servarunt
2474 1857 2592 1908 pro·

379 1923 672 1988 portionem
696 1930 754 1975 et
769 1925 1041 1975 rationem.
1109 1928 1182 1976 Et
1197 1928 1544 1977 Romanorum
1561 1927 1731 1976 liberti
1753 1926 2047 1977 debuerunt
2069 1922 2194 1987 dici,
2214 1929 2277 1974 ut
2292 1939 2326 1972 a
2343 1923 2596 1977 Faventia

379 2005 718 2067 Faventinus,
737 2020 770 2054 a
788 2006 954 2056 Reate
975 2007 1244 2077 Reatinus,
1266 2007 1342 2057 sic
1364 2021 1396 2055 a
1419 2007 1587 2057 Roma
1608 2008 1897 2065 Romanus;
1930 2011 1991 2055 ut
2008 2005 2339 2054 nominantur
2360 2001 2594 2055 libertini

384 2099 417 2134 a
437 2084 638 2135 libertis
670 2085 793 2147 orti,
815 2093 872 2136 et
906 2100 935 2135 e
957 2086 1178 2149 publicis
1200 2086 1364 2136 servis
1399 2087 1580 2150 populi
1604 2085 1840 2150 Romani,
1864 2085 1952 2150 qui
1980 2082 2275 2134 manumissi
2310 2090 2591 2148 autequam

380 2164 477 2214 sub
500 2165 896 2230 magistratuum
917 2166 1140 2229 nomina,
1176 2167 1264 2231 qui
1297 2181 1386 2217 eos
1413 2167 1722 2230 liberarunt,
1756 2166 2034 2218 succedere
2068 2164 2374 2230 coeperunt?
2443 2163 2595 2217 Dicit

383 2246 583 2295 Varro:
617 2245 765 2295 Servi
787 2246 984 2310 publici
1019 2246 1333 2309 manumissi,
1350 2246 1482 2297 dieti
1500 2254 1621 2297 suut
1643 2248 1817 2298 liberti
1850 2245 2029 2311 populi
2052 2245 2287 2305 Romani,
2307 2244 2385 2295 uti
2408 2258 2593 2308 reapse

382 2334 529 2377 eraut
548 2344 561 2376 :
597 2328 891 2377 manumissi
909 2327 1135 2392 quidem,
1153 2326 1449 2392 priusquam
1468 2327 1741 2378 ambitiosa
1775 2326 1889 2377 haec
1908 2324 2228 2376 consuetudo
2251 2325 2595 2375 invalesceret

381 2406 683 2459 nominandi
718 2422 751 2456 a
788 2406 1198 2471 magistratibus.
1219 2458 1236 2475 ,
1265 2409 1401 2458 Nam
1439 2422 1568 2457 ecce
1606 2412 1878 2471 eoeperunt
1913 2419 1947 2456 a
1967 2405 2194 2456 Consule
2217 2405 2458 2470 quopiam
2499 2412 2592 2456 aut

382 2487 640 2545 Praetore,
659 2486 953 2536 Corneliani
975 2487 1098 2549 dici,
1118 2486 1364 2550 Gelliani,
1385 2487 1641 2538 Clodiani.
1706 2489 1778 2537 Et
1813 2485 1949 2537 adde
1981 2486 2114 2548 istis,
2133 2499 2252 2549 quae
2282 2482 2460 2534 notavi
2496 2483 2589 2537 ibi.

382 2567 482 2617 Ille
506 2567 698 2616 amicus
720 2573 898 2616 noster
918 2569 982 2618 ad
1014 2567 1366 2619 successiones
1402 2566 1564 2619 refert
1597 2575 1657 2619 et
1682 2567 1985 2618 testamenti
2019 2564 2315 2618 factionem.
2379 2564 2553 2616 Acute
2576 2581 2595 2631 ς

381 2648 476 2699 sed
500 2663 601 2716 quo
624 2656 729 2699 tam
751 2651 937 2700 acute?

1447 2830 1519 2883 G.

448 2973 583 3025 Car.
606 2977 687 3024 82.
721 2973 874 3031 Anno
897 2975 1039 3026 urbis
1061 2986 1253 3028 ncxrv.
1273 2974 1292 3004 ⁴
1314 2975 1392 3026 M.
1428 2976 1655 3040 Popillio
1678 2977 1909 3038 Loenate,
1930 2974 2028 3025 Cn.
2050 2969 2332 3037 Calpurnio
2353 2969 2499 3020 Coss.
2524 2970 2588 3021 C.

383 3055 653 3106 Cornelius
679 3056 946 3119 Hispallus
969 3058 1173 3109 Proetor
1207 3056 1382 3108 edicto
1420 3056 1693 3107 Chaldaeos
1726 3056 1866 3106 iutra
1896 3054 2151 3105 decimum
2182 3053 2320 3102 diem
2342 3051 2487 3101 abire
2522 3065 2591 3100 ex

381 3134 510 3184 urbe
533 3143 690 3199 atque
713 3136 866 3186 Italia
880 3138 1069 3200 jussit:
1102 3138 1302 3188 levibus
1325 3145 1480 3203 atque
1518 3139 1710 3202 ineptis
1731 3136 1963 3201 ingeniis,
1983 3133 2158 3184 fallaci
2179 3132 2407 3183 siderum
2429 3133 2590 3181 inter·

381 3215 693 3279 pretatione,
728 3225 1069 3280 quoestnosam
1108 3218 1391 3268 mendaciis
1421 3219 1527 3268 suis
1569 3219 1838 3282 caliginem
1880 3214 2209 3281 injicientes‚’
2246 3214 2320 3263 ait
2353 3212 2591 3265 Valerius

379 3294 515 3345 libro
554 3297 737 3359 primo.
774 3296 924 3347 Anno
961 3311 1185 3349 mccxxx.
1229 3299 1309 3350 Μ.
1353 3299 1591 3365 Agrippa
1632 3300 1813 3350 AEdilis
1844 3297 1958 3348 τοὺς
1998 3293 2318 3360 ἀστρολόγους
2357 3291 2437 3345 καὶ
2481 3290 2593 3343 τοὺς

379 3375 560 3438 γόητας
580 3377 634 3425 ἐκ
667 3380 753 3435 τῆς
778 3376 960 3429 πόλεως
981 3379 1240 3442 ἐθήλασας
1272 3383 1532 3443 utrologos
1549 3387 1597 3432 ct
1618 3386 1750 3431 nutes
1776 3380 1890 3431 arbe
1909 3379 2079 3440 ejecit,-
2105 3384 2287 3427 auctor
2308 3376 2410 3425 Dio
2434 3387 2589 3431 xcix.

380 3457 435 3506 in
479 3465 730 3508 extremo.
796 3458 995 3509 lterum
1036 3474 1171 3510 anno
1210 3473 1429 3513 nccnxt.
1473 3461 1539 3511 ab
1582 3461 1819 3525 Angusto
1861 3458 2197 3510 interdictum
2232 3471 2413 3507 severe
2453 3454 2591 3511 omufi

379 3538 627 3589 vaticinio
649 3554 711 3588 ac
735 3539 1111 3602 praedictione:
1148 3548 1297 3592 notat
1334 3542 1471 3593 idem
1495 3543 1710 3592 Graecus
1734 3543 1768 3590 l.
1794 3555 1900 3592 ινι.
1963 3540 2067 3591 Sed
2090 3540 2223 3590 serio
2260 3538 2495 3603 inprimis
2533 3542 2591 3589 et

381 3633 500 3670 cnm
525 3634 650 3670 cura
672 3633 737 3669 ea
759 3634 840 3669 res
861 3620 1055 3685 habita,
1093 3622 1191 3672 lioc
1221 3637 1372 3673 anuo.
1434 3623 1906 3684 senatusconsulti,
1941 3621 2079 3687 quod
2117 3620 2333 3681 factum,
2369 3619 2593 3673 formam

379 3709 437 3752 et
459 3701 622 3750 verba
657 3707 807 3751 certo
842 3703 1053 3765 repperi
1087 3703 1138 3752 in
1173 3704 1498 3767 Fragmentis
1534 3704 2050 3765 Jurisconsultorum‚
2089 3717 2205 3767 qum
2242 3701 2391 3751 dedit
2426 3714 2592 3764 nuper

376 3781 708 3832 doctissimus
730 3782 796 3832 P.
822 3782 1075 3833 Pithoeus.
1143 3782 1237 3834 Ait
1273 3784 1346 3833 ibi
1372 3785 1645 3849 Ulpianus,
1670 3786 1705 3835 l.
1728 3799 1830 3837 vu.
1867 3784 1933 3834 de
1966 3782 2102 3834 offic.
2142 3783 2389 3832 Procons.
2410 3786 2426 3809 ⁴
2450 3782 2591 3833 Pm-

381 3869 528 3912 terea
563 3863 841 3913 interdicta
861 3869 943 3913 est
975 3865 1077 3928 [ita
1109 3866 1234 3930 legit
1258 3866 1515 3930 Pithoeus]
1552 3867 2036 3916 mathematicorum
2075 3865 2265 3915 callida
2302 3864 2592 3925 impostura

381 3951 440 3994 et
480 3943 848 3993 obstinacitete
887 3945 1173 4007 persuasio.
1242 3947 1357 3996 Nec
1393 3946 1545 3995 hodie
1590 3947 1812 4010 primum
1856 3947 2099 3997 interdici
2136 3946 2212 3994 eis
2248 3943 2463 4007 placuit,
2494 3941 2588 3993 sed

381 4031 534 4074 vetus
571 4024 683 4073 haec
725 4024 1007 4087 prohibitio
1044 4032 1144 4075 est.
1211 4027 1450 4093 Denique
1472 4037 1649 4078 exstat
1682 4032 1735 4079 S.
1776 4030 1839 4079 C.
1874 4028 2164 4092 Pomponio
2186 4036 2242 4076 et
2265 4025 2401 4076 Rufo
2441 4027 2591 4079 Coss.

380 4104 597 4167 factum,
618 4120 720 4170 quo
742 4113 977 4167 cavetur,
998 4112 1057 4156 ut
1083 4106 1487 4170 Mathematicis,
1508 4109 1791 4171 chaldam,
1813 4109 2005 4173 ariolis,
2034 4115 2091 4158 et
2127 4109 2316 4158 ceteris
2338 4107 2426 4172 qui
2449 4108 2595 4159 dmin

381 4182 484 4233 lem
529 4183 580 4232 iu
635 4193 836 4235 certum
877 4185 1116 4239 fecerunt
1170 4188 1450 4253 [Pit-limus,
1500 4191 1707 4240 similem
1740 4195 1922 4242 meur.-
1967 4203 2065 4255 ego
2098 4189 2332 4254 legerim,
2385 4188 2588 4240 similem

511 4262 687 4330 Daph.
708 4271 754 4316 et
788 4266 905 4317 Ver.
931 4269 1061 4320 Clau.
1414 4269 1571 4320 Tacit.
2303 4275 2366 4323 1⁸
2399 4271 2452 4321 D
