3050 4867
962 458 973 467 ,
1026 412 1411 465 Rscsnsus
1448 413 1993 471 commui-xmo.
2350 400 2525 471 4553

335 565 528 648 aliis3
570 589 720 653 quse
751 588 977 634 omnes
1007 574 1371 656 sequuntur
1399 561 1656 636 textum
1701 572 2030 638 Brotierii.
2117 571 2344 637 Editio
2369 573 2524 656 ipsa

334 670 756 743 Brotieriana
767 673 1046 757 repetita
1071 683 1215 739 erat
1238 674 1455 738 Paris.
1482 677 1527 740 '7
1544 673 1680 739 vol.
1698 674 1917 739 12mo.
1945 670 2138 741 1776.
2208 674 2278 739 N
2279 676 2523 740 ovissi-

330 793 480 839 mas
512 776 821 840 Brotierii
846 782 913 841 et
932 774 1229 841 Oberlini
1256 796 1405 841 esse
1432 777 1724 860 optimas
1752 777 1973 842 Taciti
2002 777 2324 843 editiones
2342 776 2522 842 docti

332 879 747 944 consentiunt
784 876 901 963 (de
929 877 1344 961 Rupertiana
1384 878 1602 944 adhuc
1643 881 1986 945 recentiori
2031 880 2191 945 nihil
2240 881 2348 945 hic
2380 880 2524 945 'loci

331 977 669 1059 dicimuS,)
693 981 809 1044 sed
836 1001 1060 1074 earum
1082 1000 1236 1066 quae
1261 981 1350 1046 sit
1370 984 1788 1064 praestantior
1816 1001 1948 1047 non
1967 983 2141 1047 idem
2162 981 2520 1066 judicium.

330 1079 683 1146 Harlesius
700 1084 863 1147 dicit
874 1085 1303 1149 novissimam
1314 1084 1474 1149 edit.
1495 1086 1817 1169 optimam
1839 1103 1987 1150 esse
2007 1085 2265 1150 tertiam
2286 1084 2526 1149 Ernes-

326 1184 579 1250 tianam
594 1187 785 1251 1792.
805 1184 1085 1272 (editam
1114 1192 1268 1271 post
1286 1188 1619 1266 Brotierii‚
1639 1188 1832 1253 1771.
1860 1193 1927 1252 et
1949 1187 2169 1267 1776.)
2188 1187 2525 1270 Bipontini

327 1286 409 1350 de
436 1288 852 1354 Brotieriana
874 1289 1145 1355 dicunt:
1189 1290 1383 1374 (Vid.
1415 1293 1680 1376 Bipont.
1711 1291 2086 1356 Recensum
2115 1289 2518 1366 Editionum,

324 1396 402 1453 ut
429 1389 665 1475 supra)
690 1397 709 1425 ‘
731 1391 983 1457 Omnes
1012 1393 1337 1475 elegantia
1362 1398 1670 1476 superat;
1712 1392 1891 1457 haud
1918 1398 2137 1457 tamen
2158 1412 2240 1457 eo
2265 1390 2526 1456 deside·

323 1490 592 1555 rabilior
647 1491 831 1558 facta
893 1494 1029 1557 uisi
1076 1494 1164 1557 iis
1214 1494 1473 1577 quibus.
1519 1494 1775 1559 divitiae
1824 1493 2198 1559 abundant:
2265 1499 2524 1559 textum

325 1592 607 1658 subinde
632 1601 847 1660 mutat
875 1595 1259 1660 audentius.’
1324 1593 1691 1678 Rupertius
1721 1598 1946 1675 etiam,
1973 1596 2046 1660 in
2077 1594 2420 1661 Prooemio
2447 1596 2521 1666 in

324 1693 640 1761 Tacitum
686 1718 757 1781 p.
808 1699 915 1762 30.
979 1699 1260 1762 eundem
1304 1699 1723 1764 commendat
1759 1716 1985 1783 parce,
2048 1699 2250 1762 immo
2295 1699 2520 1781 culpat
2598 1765 2602 1769 ,

323 1799 623 1886 prodige,
713 1800 869 1864 Has
885 1801 1037 1866 lites
1056 1810 1456 1885 componant
1482 1822 1763 1886 quorum
1784 1801 2132 1884 provincia
2156 1805 2280 1864 est.
2356 1800 2521 1870 Bro-

322 1899 516 1965 tierio
564 1902 800 1967 saltem
844 1902 1028 1967 laudi
1071 1905 1181 1982 sit,
1226 1903 1451 1968 Taciti
1478 1904 1814 1999 deperdita
1841 1923 1965 1967 suo
2006 1902 2298 1986 periculo
2326 1893 2520 1967 docile

323 2005 702 2086 supplesse,
761 2005 951 2069 libris
994 2006 1373 2089 interjectiS,
1400 2006 1627 2071 Taciti
1668 2008 1820 2072 vice
1853 2006 2192 2089 fungenti3
2237 2010 2302 2069 et
2329 2024 2519 2089 quae·-

322 2102 503 2181 dam,
551 2107 635 2171 de
683 2109 928 2189 quibus
977 2109 1177 2191 longa
1218 2108 1430 2173 fuerat
1472 2110 1949 2187 controversia,
1997 2112 2193 2184 recte,
2235 2114 2312 2171 ut
2339 2106 2518 2172 docti

322 2213 577 2290 putant,
607 2210 874 2275 tandem
899 2210 1141 2276 Tacito
1170 2210 1620 2295 adjudicasse.

410 2307 629 2392 Opere
672 2310 741 2375 di
772 2310 861 2376 G.
886 2310 1187 2377 Cornelio
1213 2312 1454 2378 Tacito
1484 2312 1766 2379 tradotte
1790 2316 1858 2378 in
1887 2314 2117 2395 volgar
2141 2313 2518 2378 Fi'orentino

321 2409 411 2474 da
462 2411 793 2476 Bernardo
840 2413 1238 2494 Davanzati‚
1290 2435 1418 2480 con
1473 2416 1929 2501 Supplementi
1985 2407 2046 2480 a’
2076 2416 2318 2480 Tacito
2367 2411 2518 2478 dell'

318 2509 593 2577 Abbate
640 2513 956 2580 Gabriele
983 2517 1261 2594 Brotier,
1292 2516 1443 2581 dell'
1471 2515 1842 2581 Academia
1870 2517 2037 2583 delle
2083 2515 2424 2581 iscrizioni
2451 2519 2520 2577 et

319 2616 506 2680 Belle
535 2617 813 2683 Lettere.
902 2617 1029 2682 Col
1058 2625 1229 2683 testo
1260 2619 1495 2685 Latino
1517 2640 1570 2688 a
1598 2621 1809 2685 fronti.
1864 2619 2057 2684 1780.
2105 2621 2238 2683 4ῐο.
2286 2618 2332 2682 3
2357 2624 2516 2683 tom.

322 2716 498 2783 Haec
526 2727 632 2784 est
690 2722 1056 2785 novissima
1102 2720 1307 2785 editio
1352 2722 1678 2785 versionis
1729 2720 2151 2798 Davanzatii,
2196 2726 2264 2784 et
2311 2721 2516 2785 multo

315 2820 724 2887 emendatior
753 2822 1303 2906 praecedentibus.
1364 2820 1609 2887 Versio
1630 2822 1866 2886 Italica
1892 2822 2199 2888 Brotierii
2228 2821 2518 2903 Supple-

316 2927 677 2986 mentorum
705 2942 834 2987 non
852 2930 952 2987 est
974 2923 1391 3002 Davanzatii,
1412 2924 1531 2988 sed
1551 2924 1638 2987 ad
1661 2923 1905 3007 stylum
1925 2923 2072 3006 ejus
2096 2942 2139 2986 a
2168 2920 2518 3005 Raphaele

315 3020 605 3087 formata
631 3032 695 3090 et
723 3028 1136 3093 concinnata.

400 3125 565 3191 Vita
611 3126 964 3209 Agricolae,
1017 3129 1173 3195 Svo.
1216 3129 1262 3193 2
1309 3133 1466 3192 tom.
1526 3127 1730 3193 Halae
1788 3126 1981 3192 1781.
2022 3146 2064 3191 a
2114 3124 2267 3190 Car.
2320 3125 2514 3191 Fred.

313 3223 656 3294 Bahrdtio.

401 3329 480 3396 C.
534 3331 614 3395 C.
661 3331 886 3395 Taciti
935 3329 1161 3415 Opera
1215 3331 1300 3395 ad
1348 3329 1543 3394 fidem
1601 3329 1929 3397 Editionis
1973 3329 2300 3394 Parisinae
2342 3326 2514 3393 Gab.

312 3433 571 3498 Brotier
592 3435 941 3516 expressit,
985 3434 1248 3498 selectis
1294 3432 1646 3497 Variorum
1677 3438 1748 3496 et
1792 3434 1986 3496 novis
2013 3432 2264 3514 aliquot
2315 3428 2515 3495 Notis

307 3538 376 3600 in
400 3555 594 3599 usum
622 3534 668 3599 J
672 3537 1006 3599 uventutis
1030 3533 1459 3599 Academicae
1480 3536 1833 3600 illustravit
1857 3535 1902 3599 J
1907 3554 2012 3599 os.
2043 3533 2273 3611 Stock,
2305 3533 2392 3597 D.
2423 3533 2514 3597 D.

307 3637 493 3702 Trin.
523 3636 695 3702 Coll.
744 3638 925 3702 Dub.
973 3638 1133 3703 olim
1163 3638 1422 3713 Socius,
1454 3639 1498 3700 4
1527 3646 1680 3704 tom.
1714 3638 1864 3703 8νο.
1893 3639 2049 3703 min.
2084 3638 2264 3703 Dub.
2319 3635 2512 3700 1784.

309 3741 417 3806 De
464 3739 687 3805 Textu
713 3741 812 3803 ita
859 3739 1177 3824 praefatur
1225 3739 1499 3804 Editor:
1550 3744 1570 3773 ‘
1589 3739 1847 3804 Textus
1888 3740 2036 3821 ipse
2081 3738 2370 3802 auctoris
2416 3754 2508 3802 ex

307 3841 640 3907 luculenta
696 3843 811 3907 illa
882 3849 947 3907 et
1006 3841 1427 3906 curatissima
1475 3839 1785 3905 Editione
1841 3839 2250 3922 exprimitur,
2303 3854 2510 3919 quam

304 3946 377 4008 in
403 3945 531 4008 hae
576 3946 726 4028 ipsa
781 3946 945 4008 urbe
989 3940 1379 4028 (Dublinio)
1408 3942 1598 4006 annis
1642 3941 1883 4005 abhinc
1913 3940 2022 4005 58.
2057 3938 2510 4004 adornandam

305 4047 605 4128 suscepit
646 4064 850 4109 sexus
876 4053 945 4109 et
970 4043 1205 4108 saeculi
1233 4043 1338 4107 sui
1365 4043 1596 4120 decus,
1626 4042 1884 4106 erudita
1911 4039 2266 4104 admodum
2293 4037 2510 4103 foemi-

305 4165 418 4222 na,
481 4144 876 4212 Constantia
920 4145 1274 4217 Grierson:
1346 4166 1473 4210 nec
1523 4148 1884 4229 quicquam
1941 4141 2154 4205 defuit
2192 4140 2505 4216 Editioni,

298 4246 549 4316 chartae
618 4257 693 4315 et
786 4255 1091 4335 typorum
1124 4248 1480 4332 elegantia
1534 4247 1942 4330 conspicuae,
2005 4248 2247 4327 praeter
2308 4247 2505 4307 notas
