3050 4867
933 386 1079 436 ms.
1125 386 1177 433 1.
1221 386 1383 435 car.
1425 372 1494 436 6.

391 516 527 577 enta
565 522 818 592 mortique
867 528 1211 579 dumetorum.
1323 528 1465 580 Inte·

391 617 540 665 gram
574 610 776 666 partem
801 603 977 668 populi
1010 605 1263 668 appellat,
1299 605 1464 656 siuce-

395 693 508 728 ram
544 686 601 729 et
638 680 849 729 lascivia
890 688 1182 746 temporum
1214 697 1319 733 non
1351 698 1463 734 cor·

385 763 623 822 ruptam.
657 756 794 821 upa.

385 868 394 883 .
450 832 586 882 Pars
601 835 765 898 populi
788 835 998 898 integra,
1036 841 1088 885 et
1107 836 1296 899 magnis
1313 837 1462 887 domi-

387 908 475 957 bus
495 908 703 970 annm,
721 911 930 973 clientes,
950 911 1062 974 ξω]
1106 913 1225 962 Non
1249 927 1459 963 renuam

384 996 504 1034 cum
549 984 730 1048 Lipsio
752 984 945 1050 legere,
981 988 1158 1037 aarum
1177 988 1369 1039 clientes
1403 988 1460 1039 R-

386 1060 600 1126 bertIque
620 1064 967 1114 dumetorum.
1019 1065 1126 1114 Sed
1146 1080 1237 1125 cur
1251 1066 1459 1117 Tacitus

385 1136 609 1189 clientes
648 1139 966 1205 libertosque
1010 1141 1364 1193 damnatorum
1402 1151 1459 1195 et

384 1217 621 1267 exsulum
645 1219 807 1268 solum
829 1219 915 1268 bic
938 1220 1206 1271 nominat?
1274 1223 1382 1273 Cur
1402 1222 1458 1272 bi

385 1291 707 1355 potissimum
725 1293 778 1342 in
800 1308 947 1357 spem
967 1296 1148 1357 erecti,
1179 1310 1280 1345 uon
1297 1297 1457 1347 etiam

385 1381 586 1431 eorum,
604 1370 692 1432 qui
712 1367 943 1419 damnati
966 1376 1022 1420 et
1037 1372 1239 1420 exsules
1259 1386 1358 1421 uon
1376 1386 1455 1423 es-

385 1449 505 1492 sent
527 1460 542 1503 ς
582 1450 675 1494 aut
702 1459 798 1494 cur
822 1446 1038 1495 clientes
1058 1446 1337 1512 libertique
1370 1463 1455 1499 eo·

387 1534 501 1570 rum
523 1523 718 1586 potius,
737 1536 887 1587 qnam
912 1524 1139 1573 damnati
1163 1531 1217 1573 et
1249 1526 1454 1576 exsules

387 1594 524 1661 ipsi?
591 1597 675 1647 An
698 1613 824 1648 vero
847 1599 1008 1649 etiam
1030 1600 1319 1663 credemus,
1360 1601 1453 1651 cli-

385 1674 586 1723 entium
610 1682 666 1724 et
688 1675 1014 1740 libertorum,
1035 1676 1121 1741 qui
1140 1678 1339 1741 magnis
1361 1677 1452 1728 do-

385 1752 554 1802 mibus
615 1755 825 1815 annexi,
884 1761 1129 1818 patronos
1175 1768 1351 1804 omnes
1389 1770 1450 1806 eo

384 1835 619 1893 tempore
659 1828 927 1880 damnatos
965 1837 1022 1881 et
1051 1831 1284 1880 exsules?
1340 1833 1451 1881 nul-

385 1902 564 1971 lasque
588 1920 800 1970 magnas
828 1906 1005 1956 domos
1029 1908 1255 1971 integras
1281 1914 1340 1957 et
1376 1909 1451 1958 in-

383 1983 617 2033 columes
675 1981 867 2032 fnisse?
966 1983 1111 2034 Nihil
1154 1983 1447 2034 absurdius:

387 2057 629 2122 aliudque
652 2057 774 2108 huic
796 2059 912 2108 loco
940 2059 1121 2108 vitium
1152 2059 1338 2123 majus,
1362 2059 1451 2111 de-

385 2130 531 2183 fecto
554 2135 667 2184 sine
691 2134 877 2183 dubio:
901 2135 991 2184 sed
1010 2149 1161 2200 quem
1186 2135 1448 2200 integrare

387 2220 479 2257 nos
525 2206 682 2259 facile
740 2223 1025 2274 possumus,
1087 2212 1281 2281 inserta
1325 2228 1451 2263 voce

389 2283 566 2348 unica,
581 2299 699 2349 quae
721 2286 977 2350 quomodo
1000 2286 1235 2351 perierit,
1256 2291 1340 2338 vix
1365 2290 1454 2340 ad·

383 2368 566 2424 specta
589 2375 672 2422 ea,
707 2375 883 2412 omnes
915 2362 1182 2414 videbunt.
1248 2364 1451 2429 Scribo,

380 2436 674 2502 par-spopuli
695 2437 903 2500 integra,
936 2441 1335 2503 etmagnisdom.
1370 2442 1453 2492 ‹in-

383 2513 499 2562 nexi
527 2515 721 2564 clientes
738 2514 1002 2578 libertique,
1022 2517 1191 2581 quique
1210 2519 1452 2568 domato·

382 2603 507 2652 rum,
542 2594 623 2655 qv.
675 2590 730 2640 id
766 2599 866 2652 est,
906 2598 1164 2656 quotquot
1201 2591 1449 2643 damnati.

378 2668 531 2721 Idem
574 2672 768 2733 valcat,
803 2673 924 2734 quod
944 2673 1293 2722 damnatorum.-
1326 2687 1451 2739 quo·

383 2744 640 2805 modobic
662 2747 819 2796 etiam
855 2746 1033 2796 addita
1070 2749 1257 2812 copula
1294 2748 1451 2798 scribi

385 2828 581 2886 potest,
610 2830 665 2872 et
696 2821 839 2872 forte
878 2823 1042 2888 magis
1073 2822 1251 2874 debet.
1319 2824 1450 2875 Haec

382 2898 520 2967 enim
544 2897 711 2949 forma
733 2898 922 2951 Tacito
961 2899 1211 2962 crebrior,
1253 2906 1309 2949 et
1340 2915 1450 2964 pas-

383 2972 478 3023 sim
501 2974 651 3039 legis,
671 2976 791 3039 quod
808 2975 1032 3039 equitum,
1068 2977 1189 3039 quod
1218 2977 1450 3039 peditum,

379 3050 673 3117 similiaque
725 3052 844 3100 alia.
942 3052 1188 3101 Ceterum
1241 3066 1307 3101 ex
1350 3053 1448 3101 hac

381 3124 747 3177 emendatione
771 3128 963 3189 integra
998 3141 1114 3190 pars
1146 3129 1305 3191 populi
1343 3141 1447 3178 non

367 3198 483 3265 jam
507 3216 625 3252 cum
672 3196 848 3266 Lipsio
887 3203 1195 3267 accipienda
1230 3204 1448 3269 sincera,

379 3286 436 3329 et
478 3279 689 3331 lascivia
729 3285 1017 3343 temporum
1054 3292 1154 3328 non
1177 3288 1447 3344 corrupta,

321 3390 328 3399 -
381 3356 475 3406 sed
500 3356 789 3419 incolumis,
826 3362 880 3406 et
900 3356 985 3406 cui
1009 3361 1174 3406 status
1197 3370 1317 3417 suus
1350 3359 1447 3407 sal·-

379 3446 490 3482 vus.
561 3433 782 3495 Integros
820 3432 956 3481 enim
1002 3431 1222 3495 opponit
1266 3438 1449 3483 auctor

379 3509 645 3558 exsulibus
668 3512 724 3557 et
744 3506 996 3556 damnatis.
1011 3505 1296 3557 Acidalius.
1319 3508 1448 3558 Pro-

380 3580 625 3635 culdnbio
647 3583 841 3633 rectius
884 3598 917 3632 a
952 3582 1128 3646 Lipsio
1150 3588 1445 3634 correctum

380 3674 442 3710 ac
468 3660 791 3711 distinctum.
857 3660 997 3709 Male
1020 3665 1075 3709 et
1098 3659 1314 3710 confuse
1335 3663 1445 3711 vul-

378 3748 467 3800 go.
501 3732 729 3787 Pisitana.
794 3737 1022 3801 Legerat
1047 3737 1249 3799 Lipsius
1269 3739 1446 3788 annexi

375 3813 589 3878 clientes,
607 3817 691 3878 ξε.
724 3813 883 3880 idque
907 3814 960 3863 iu
984 3820 1189 3864 textum
1211 3813 1445 3864 Picbena

376 3898 666 3954 receperat.
730 3889 834 3940 Sed
877 3904 1006 3953 pace
1042 3889 1271 3939 Doctiss.
1293 3890 1444 3940 Viro·

377 3954 489 4014 rum
531 3966 775 4029 dixerim,
832 3966 1100 4029 vulgatam
1164 3965 1441 4015 lectionem

377 4043 529 4110 longe
572 4060 687 4095 esse
731 4043 1125 4111 praeferendann
1190 4043 1445 4108 Loquitur

378 4116 445 4169 de
500 4130 651 4187 parte
696 4119 874 4186 populi
927 4119 1240 4183 honestiore,
1292 4121 1392 4169 ὅτε.
1411 4118 1443 4148 ⁴*

378 4196 675 4263 Freinshem-

2416 372 2597 442 ΗΘ

1536 531 1674 595 quod
1696 531 1747 581 in
1771 532 1969 597 scripto
2004 531 2142 582 filins
2172 526 2327 586 ‘meus
2351 528 2594 594 'jacobus

1537 606 1727 657 Oxonii
1772 611 1999 660 notavit:
2046 612 2061 640 ⁸
2086 610 2306 661 eundem
2349 614 2400 664 in
2440 631 2594 683 pace,

1536 699 1686 749 quem
1708 685 1760 734 in
1784 686 1918 735 bello
1934 685 2140 735 locum!
2176 686 2381 739 Gmnov.

1600 761 1673 811 Et
1706 763 1920 826 qumvis
1937 764 2093 828 capite
2111 763 2390 824 defectionis
2412 756 2594 836 abluis]

1532 835 1619 886 Ab
1661 838 1898 888 omnibus
1933 840 2315 901 exemplaribus
2355 843 2594 895 dissenti-

1533 928 1625 963 ens
1646 915 1730 965 bic
1759 929 1871 979 pro,
1894 920 1962 977 et,
1998 915 2202 979 scripsi,
2226 917 2324 968 Sed
2362 922 2593 986 quamvis,

1528 991 1611 1052 ξε.
1677 991 1813 1040 Nam
1851 1000 2088 1042 extrema
2121 995 2357 1056 proxime
2398 994 2594 1060 praece·

1532 1065 1705 1115 dentis
1729 1067 1961 1116 vocabuli
1984 1068 2136 1119 litera
2157 1078 2240 1120 est
2264 1072 2316 1121 S.
2353 1073 2509 1125 Rhea.

1596 1140 1829 1191 Manebat
1862 1143 2098 1206 plerisque
2130 1146 2339 1197 militum
2359 1150 2594 1201 comeu-

1529 1217 1624 1282 tt'a]
1708 1219 2086 1269 Conscientiam
2105 1254 2109 1258 »
2128 1222 2333 1287 quidem
2377 1240 2593 1279 necesse

1528 1300 1614 1343 est
1653 1295 1897 1345 mansisse
1937 1297 2190 1361 omnibus,
2241 1315 2343 1350 non
2386 1310 2591 1357 tantum

1527 1371 1805 1436 plerisque.
1882 1373 1986 1423 Sed
2032 1374 2270 1425 nimirum
2315 1379 2594 1429 emendan-

1527 1447 1650 1496 dum
1673 1449 1957 1500 emanti«.
2021 1450 2187 1501 Solito
2212 1451 2298 1502 illo
2328 1461 2386 1504 et
2418 1455 2593 1520 vulga-

1527 1524 1724 1575 tissimo
1746 1540 1920 1575 errore
1944 1532 2138 1576 mutuat
2161 1528 2300 1578 inter
2321 1526 2411 1579 has
2433 1545 2589 1583 voces

1525 1601 1942 1663 permutationis,
1957 1615 2108 1666 qnam
2127 1605 2411 1656 notavimus
2430 1607 2591 1658 etiam

1524 1676 1578 1724 in
1603 1676 1644 1723 Α
1653 1677 1780 1737 grie.
1805 1676 1999 1727 Addat.

1596 1754 1754 1816 Neque
1789 1754 2009 1817 deerat]
2076 1754 2208 1819 Nos,
2248 1771 2332 1807 nec
2372 1756 2586 1810 deerant

1525 1828 1818 1879 Rhenanus.

1608 1906 1828 1955 Militari
1853 1904 1995 1965 fana
2031 1907 2284 1975 celebrata]
2368 1909 2431 1960 In
2475 1910 2588 1976 illo',

1525 1994 1679 2045 quem
1703 1983 1912 2033 Sueton.
1941 1983 2098 2033 Galb.
2131 1988 2181 2035 6.
2217 1985 2363 2049 citat,
2400 2001 2587 2051 versu,

1524 2058 1541 2084 ⁴
1568 2057 1726 2107 Disce
1742 2058 1886 2107 miles
1910 2060 2154 2125 militare,
2172 2061 2347 2113 Galba
2364 2070 2463 2128 est,
2482 2076 2591 2130 non

1527 2132 1855 2184 Gaetulicns.’
1892 2135 2134 2187 Savium.

1591 2210 1813 2273 Augebat
1831 2219 2183 2277 caespes-names
2218 2220 2419 2266 reterens
2450 2217 2593 2267 disei-

1522 2286 1727 2350 plinam]
1754 2288 2122 2352 conspersiones
2142 2292 2355 2341 verbum
2378 2306 2478 2342 non
2500 2294 2588 2344 hie

1525 2362 1681 2412 valde
1705 2362 1962 2414 idoneum.
2028 2366 2210 2415 Malim
2234 2381 2352 2416 cum
2374 2368 2588 2420 Mun-eto

1526 2440 1749 2505 simplex
1771 2447 2105 2504 «sponsantes.-
2137 2443 2235 2491 nisi
2260 2450 2432 2493 tamen
2453 2458 2591 2494 nova

1523 2512 1897 2583 compositione
1919 2516 2171 2568 formasse
2206 2520 2446 2569 Tacitum
2479 2535 2591 2570 cre-

1532 2595 1714 2645 demus
1737 2599 2123 2658 carpet-amu,-
2155 2595 2294 2660 quod
2313 2596 2441 2646 meis
2481 2595 2594 2663 qui-

1527 2670 1646 2721 dem
1668 2671 1944 2722 admodum
1967 2671 2246 2723 blanditur.
2268 2672 2459 2723 Acidal.

1598 2750 1810 2799 Virtutes
1829 2747 2130 2813 verebantur]
2193 2749 2414 2807 Credam
2458 2748 2591 2800 veri·

1521 2836 1602 2887 us,
1615 2823 1966 2874 reverebmuur.
1990 2822 2273 2875 Acidalius.
2307 2825 2430 2875 Non
2446 2839 2590 2889 sper·

1523 2915 1591 2950 no
1611 2918 1625 2962 ;
1660 2900 1752 2950 sed
1776 2899 1998 2950 fortasse
2021 2901 2222 2960 melius,
2244 2901 2619 2953 reverebantur..

1523 2975 1774 3027 Pichena.
1839 2975 1984 3039 Apta
2004 2976 2118 3024 heic
2141 2975 2348 3039 quidem
2382 2990 2484 3024 vox
2516 2993 2590 3026 re·

1523 3050 1843 3112 verebantur-‚-
1874 3051 1966 3100 sed
1989 3051 2143 3100 nihilo
2164 3048 2477 3100 inefficacior
2499 3051 2589 3101 illa

1519 3133 1699 3175 nostra
1740 3126 1971 3191 vulgata,
2019 3135 2078 3177 ut
2112 3126 2316 3176 ostendi
2349 3128 2590 3191 exemplo

1525 3217 1630 3254 non
1665 3217 1787 3268 uno,
1819 3204 1869 3253 in
1911 3203 2169 3267 farragine
2208 3203 2590 3277 suspicionum..

1523 3280 1780 3331 Gruterus.

1588 3357 1712 3420 Legi
1730 3373 1761 3407 α
1780 3371 1831 3406 se
1847 3357 2126 3420 principem,
2156 3370 2247 3405 noa
2279 3355 2397 3419 emi]
2462 3353 2590 3404 Cas-

1525 3434 1819 3498 tigavimus,
1853 3432 1976 3496 Legi
1997 3448 2027 3482 a
2049 3448 2097 3482 se
2119 3432 2337 3495 militem,
2372 3448 2464 3482 non
2482 3433 2591 3485 emi.

1525 3510 1631 3560 Qui
1653 3510 1921 3574 supposuit
1941 3508 2218 3572 principem,
2255 3508 2460 3573 putavit
2490 3508 2590 3559 Ta·

1521 3585 1682 3634 citum
1720 3585 1858 3649 loqui
1888 3583 1953 3633 de
1975 3584 2188 3646 Pisone,
2232 3598 2383 3648 quem
2408 3584 2451 3632 is
2476 3585 2592 3635 Ca!-

1521 3674 1689 3710 sarem
1734 3658 1880 3709 fecit.
1948 3659 2049 3708 Sed
2095 3659 2349 3723 praecedit
2386 3663 2591 3711 reterens

1519 3736 1835 3798 disciplinans
1852 3734 1904 3784 id
1924 3734 2287 3798 accipiendum
2311 3735 2378 3785 de
2401 3734 2589 3785 milita-

1519 3813 1564 3860 ri
1587 3811 1939 3875 castrensique
1971 3811 2257 3875 disciplina.
2310 3812 2588 3863 Rhenanus.

1521 3888 1571 3937 Α
1594 3889 1811 3949 legendo
1827 3886 1966 3937 enim
1988 3887 2125 3951 legio
2142 3887 2303 3948 dicta,
2321 3887 2455 3951 quod
2472 3888 2589 3939 scil·

1519 3964 1574 4011 in
1596 3963 1807 4012 delectu
1830 3964 2074 4027 leguntur
2096 3960 2303 4012 milites.
2336 3964 2500 4013 Varro
2519 3963 2587 4012 de

1522 4039 1584 4089 1..
1611 4038 1730 4088 Lat.
1754 4038 1789 4089 l.
1813 4052 1889 4087 ιν.
1926 4038 2067 4087 Picio.

1586 4116 1726 4166 cn.
1748 4120 1799 4164 6.
1837 4116 1962 4164 Odia
1977 4113 2284 4178 flagitiorum
2306 4111 2584 4177 onerabant]

1517 4191 1666 4253 Sive,
1689 4199 1750 4240 ut
1770 4191 1890 4240 libri
1916 4190 2122 4254 scripti,
2142 4193 2403 4239 omarum.
2467 4189 2585 4237 Vox

1538 382 2097 441 Hts'romluum.

389 4302 398 4309 -
442 4272 578 4326 Car.
601 4281 654 4325 5.
699 4256 869 4330 Qnist’a
883 4257 1030 4336 διώ]
1095 4273 1284 4324 Placet
1316 4270 1446 4332 fere,
1511 4267 1734 4333 quidem
1755 4281 1816 4319 ea
1838 4266 2113 4319 retinenda
2126 4272 2232 4328 est,
2249 4264 2382 4314 male
2402 4281 2431 4314 a
2452 4264 2586 4318 Bou·-

509 4355 695 4421 Dclplt.
717 4358 765 4405 et
795 4353 910 4406 Ver.
928 4354 1059 4407 Clas.

1404 4349 1560 4404 M.

2314 4346 2452 4431 12?
