3050 4867
34 533 54 945 -rr-a-r--G

32 980 44 1259 ——qff

1118 424 1427 477 manoe.
1473 424 1640 477 cu.
1682 409 1794 476 23.
2380 408 2561 478 4437-

349 574 522 640 ponis.
574 571 721 638 Lips.
803 571 1038 637 Excipere
1080 571 1239 623 etiam
1282 567 1417 620 dixit

355 651 544 701 Cicero
565 662 669 701 non
699 649 918 699 multum
940 648 1145 698 diversa
1162 644 1417 711 siguifica-

355 727 497 776 tione
525 725 593 775 de
625 724 851 776 Oratore
887 737 928 775 1.
966 725 982 751 ‘
1004 730 1177 775 tamen
1202 736 1293 771 nos
1323 721 1416 771 ali-

354 801 480 866 quid
499 815 566 852 ex
589 814 827 851 sermone
846 806 1019 849 vestro
1034 798 1280 849 memoria
1301 798 1415 862 dig·

353 891 474 926 nom
511 877 755 940 excipere
791 874 1085 941 possemus.’
1147 875 1217 925 Et
1237 880 1414 924 noster

351 951 506 1004 infra.
573 954 730 1004 Schel-

416 1029 488 1079 Ac
529 1030 773 1080 laudatum
809 1025 1220 1093 patrenv'untiliae]
1302 1027 1416 1091 Ego

352 1121 455 1157 non
474 1107 707 1158 dubitem
724 1108 1038 1169 scribere,ec
1054 1108 1255 1157 hum.
1267 1106 1413 1171 Lips.
1449 1164 1456 1171 ,

414 1183 602 1247 biaut]

350 1259 518 1310 Idem.

418 1337 711 1388 coactam
751 1343 802 1387 et
843 1337 1041 1400 olentia]
1114 1336 1284 1402 Magis
1329 1336 1415 1387 hic

350 1427 474 1463 sane
515 1414 729 1478 probem
739 1418 766 1463 ⁰:
812 1414 1087 1465 munerata
1125 1420 1174 1463 et
1211 1415 1411 1465 mictu.

351 1488 599 1539 Ceterum
620 1505 736 1555 quai
767 1497 889 1540 sunt
920 1490 1012 1541 illa
1032 1492 1262 1554 quadam,
1292 1504 1411 1555 qun

346 1566 527 1629 procul
552 1564 710 1629 jubet
745 1565 949 1617 areeri?
1013 1564 1224 1616 odoror
1247 1572 1412 1615 trans-

347 1641 670 1704 positionem,
691 1656 846 1706 quam
870 1648 924 1691 et
946 1641 1178 1707 corrigo:
1201 1642 1413 1705 aspicere

345 1718 518 1781 sapius
554 1718 717 1780 libeat,
746 1720 926 1769 uum
960 1719 1027 1768 sit
1059 1719 1252 1770 verbum
1286 1720 1413 1769 velut

345 1792 563 1855 rubigine
581 1793 823 1856 infectum,
859 1788 1075 1858 dudem
1106 1809 1216 1845 vero
1248 1795 1415 1858 procul

344 1875 613 1933 menum,
633 1875 686 1920 at
696 1871 805 1932 jaun
824 1871 1097 1921 oblinet-ete
1127 1875 1177 1920 et
1195 1872 1381 1921 exoleto
1396 1886 1413 1920 .·

345 1947 761 2011 animust-0.
795 1946 1000 1997 Acidsl.

411 2022 655 2086 Rubicone
694 2021 943 2086 infereus]
1009 2024 1232 2089 Scripsit
1266 2024 1413 2085 infeo-

345 2104 465 2149 tum·
501 2100 733 2151 Rbenan.

411 2176 548 2228 CAP.
569 2182 653 2228 2³.
686 2178 811 2229 Nolo
839 2178 1040 2228 irridere
1074 2183 1230 2227 man
1248 2177 1411 2238 fortit-

342 2250 445 2315 ¹⁸oe]
476 2252 505 2281 '¹
539 2254 670 2304 Quo
694 2253 880 2311 merito
913 2254 1138 2319 antiquis
1160 2255 1269 2305 visa
1290 2260 1413 2304 sunt

344 2328 671 2393 ineptissima
694 2337 752 2381 et
786 2331 1064 2382 levissime.
1128 2332 1225 2382 Vir
1262 2337 1410 2381 certe

344 2402 545 2455 divinus
568 2412 624 2456 et
644 2406 820 2458 decori
861 2407 929 2458 ad
963 2408 1266 2458 miraculum
1301 2406 1411 2458 ubl·

347 2497 449 2547 que
480 2483 779 2548 observans,
813 2499 918 2536 non
957 2492 1158 2535 tantum
1196 2487 1249 2535 in
1286 2485 1412 2548 ipsis

344 2559 654 2621 actionibus,
699 2561 836 2626 quod
885 2569 1145 2613 testantur
1190 2561 1411 2626 antiqui,

343 2634 436 2685 sed
459 2635 615 2684 etism
634 2637 686 2685 in
710 2637 968 2688 actionum
991 2638 1282 2689 habitarum
1306 2653 1412 2689 mo-

344 2711 623 2773 numentis,
647 2720 701 2762 et
724 2713 805 2776 iis,
844 2714 933 2778 qui
955 2714 1023 2763 ad
1046 2728 1140 2763 nos
1165 2728 1411 2778 pervene-

341 2794 484 2849 runt,
520 2787 685 2852 libris,
719 2790 817 2840 bac
840 2804 943 2840 una
971 2789 1095 2854 Jure
1115 2791 1410 2842 humanitus

343 2863 542 2929 aliquid
574 2880 753 2930 passm
787 2866 1011 2917 videtur.
1077 2867 1140 2918 In
1178 2868 1409 2918 secunda

341 2940 639 3006 Philippica
674 2944 764 2993 illa
787 2944 982 3004 divina,
1020 2959 1173 3008 qnam
1197 2943 1312 3008 jam
1331 2959 1408 2994 se·

342 3018 456 3068 nior
494 3019 554 3068 in
587 3019 870 3071 Antonium
907 3020 1149 3086 scripsit:
1183 3022 1200 3047 ‘
1225 3020 1405 3071 Diser-

695 1184 994 1248 Rodolplms
1051 1185 1199 1245 bene,
1253 1183 1413 1237 liboae.

346 3095 596 3146 tissimum
622 3098 838 3161 cognovi
871 3111 1022 3147 avum
1057 3103 1236 3155 tuum3
1271 3104 1328 3147 at
1353 3104 1408 3147 te

344 3172 502 3222 etiam
549 3174 866 3238 apertiorem
901 3174 953 3222 in
998 3172 1261 3223 diceudo:
1315 3173 1406 3224 ille

340 3262 602 3313 nunquam
671 3250 840 3300 nudus
896 3256 977 3300 est
1033 3248 1405 3309 concionatus3

340 3332 484 3374 tuum
519 3325 738 3376 bominis
771 3326 1017 3389 simplicis
1057 3331 1242 3390 pectus
1278 3324 1408 3375 vidi-

340 3398 487 3451 nius.⁹
556 3401 709 3453 Quod
748 3402 834 3450 cui
869 3416 973 3451 non
1013 3399 1407 3464 frigidissimum

338 3485 393 3528 et
416 3477 674 3528 Cicerone
694 3491 876 3541 parum
892 3477 1103 3541 dignum
1126 3476 1405 3526 videatur?

339 3553 537 3603 Eadem
560 3552 791 3602 oratione
814 3553 883 3602 de
921 3551 1298 3616 Lupercalibus
1333 3552 1407 3603 lo-

338 3644 504 3694 quens
559 3637 618 3679 et
667 3628 1004 3678 faedissimum
1067 3627 1403 3679 sceleratissi-

339 3718 580 3769 mumque
613 3703 833 3754 Antonii
853 3702 1067 3765 factum,
1101 3718 1204 3768 quo
1225 3702 1401 3753 disde-

301 3836 310 3843 ‚
339 3794 421 3831 ma
443 3780 636 3831 Caessri
657 3780 927 3843 imponens
948 3794 1065 3829 eum
1087 3779 1233 3845 quasi
1246 3779 1400 3843 jussu

337 3858 516 3921 populi
542 3871 756 3922 regnare
778 3857 942 3906 voluit
954 3855 1166 3919 jubere,
1199 3854 1401 3919 graphi·

337 3948 399 3984 ee
421 3933 710 3997 depingens
732 3933 837 3983 suis
861 3940 918 3983 et
954 3933 1088 3982 veris
1121 3932 1399 3993 coloribus,

335 4010 555 4073 adjicit:
588 4013 604 4038 ‘
631 4010 748 4060 Non
770 4009 1060 4059 dissimulat
1079 4009 1143 4058 P.
1167 4007 1226 4057 C.
1243 4022 1401 4072 appa·

336 4092 421 4135 ret
461 4100 575 4135 esse
614 4094 953 4136 commotum:
999 4085 1173 4144 sudat,
1206 4085 1399 4149 pallet:

335 4162 612 4228 quidlibet,
651 4162 804 4212 modo
847 4176 915 4212 ue
958 4168 1196 4224 nauseet,
1237 4161 1402 4212 faciat

336 4239 476 4306 qnod
495 4240 550 4289 in
579 4240 783 4304 porticu
809 4240 1041 4291 Minucia
1060 4240 1224 4290 feeit?
1291 4238 1401 4295 flio

336 4330 539 4383 quoque
560 4315 768 4367 dubites
804 4331 939 4368 anne
961 4331 1109 4368 suum
1133 4315 1398 4382 ingenium

1491 570 1798 625 Ciceronem
1820 568 2127 636 abnipnerit.
2190 570 2393 621 Iratum
2416 571 2555 623 euim

1491 647 1719 701 Antonio
1742 662 1856 699 esse
1888 646 2068 701 decuit
2087 647 2141 697 in
2176 647 2265 696 illo
2294 644 2553 697 libertatis

1490 722 1691 787 funere,
1713 739 1814 775 non
1836 723 2086 775 facetum.
2152 723 2383 773 Nimium
2419 723 2555 774 cala·

1491 799 1685 853 mitatis
1707 801 1928 865 publica
1952 801 2237 863 immemor,
2272 808 2329 850 et
2365 799 2416 849 in
2440 806 2556 850 tan·

1492 879 1561 928 tis
1581 880 1728 929 malis
1747 879 1999 931 delicatus
2032 885 2129 941 est,
2166 878 2251 928 cui
2284 885 2440 927 vacet
2471 877 2558 928 bic

1491 956 1699 1019 timere,
1734 973 1800 1008 ne
1822 964 1993 1007 vomat
2027 956 2285 1009 Antonius
2316 964 2406 1006 aut
2431 970 2553 1007 nau-

1491 1038 1624 1082 seet.
1677 1032 1869 1085 Potest
1890 1042 2064 1084 tamen
2084 1048 2148 1082 eo
2167 1031 2396 1091 defendi,
2413 1032 2557 1098 quod

1491 1124 1609 1160 cum
1631 1116 1753 1174 post
1788 1125 1918 1171 rem,
1952 1109 2232 1161 interfecto
2247 1110 2355 1173 jam
2379 1111 2555 1161 Coesa-

1492 1201 1570 1249 re,
1613 1188 1725 1239 baec
1762 1187 2023 1250 dicantur,
2075 1192 2409 1237 contemnere
2439 1187 2555 1251 jam

1490 1275 1581 1312 eos
1610 1263 1756 1322 velit,
1786 1278 1888 1313 non
1911 1269 2115 1314 tantum
2134 1263 2304 1313 odisse
2334 1261 2556 1313 Antoni·

1490 1352 1610 1388 um:
1644 1339 1793 1403 quasi
1823 1339 1938 1402 jam
1961 1339 2087 1389 nibil
2120 1339 2261 1389 aliud
2294 1353 2361 1389 ex
2384 1353 2449 1389 eo
2484 1340 2555 1390 sit

1487 1415 1844 1478 metuendum,
1882 1429 2035 1481 qnam
2070 1430 2137 1464 ne
2175 1420 2410 1465 nauseet.
2475 1415 2555 1466 At

1488 1489 1617 1539 illud
1640 1490 1690 1539 in
1714 1488 2021 1554 praefatione
2051 1490 2170 1541 libri
2198 1489 2351 1554 primi
2372 1489 2439 1540 de
2463 1505 2552 1541 na-

1487 1572 1605 1616 tura
1628 1567 1858 1617 Deorum
1892 1566 2008 1632 quis
2041 1567 2289 1617 excuset?
2321 1570 2335 1596 ‘
2362 1566 2555 1633 ltaque

1486 1641 1617 1692 libet
1653 1642 1777 1692 mibi
1815 1644 2125 1706 exclamare,
2174 1644 2312 1708 quod
2350 1645 2552 1696 Statius

1484 1719 1541 1767 in
1557 1719 1913 1783 Synephebis:
1936 1720 1951 1745 ⁴
1977 1720 2120 1769 Proh
2143 1721 2316 1770 Deum
2339 1724 2552 1785 popula-

1486 1795 1617 1846 rium
1636 1797 1866 1846 omnium
1893 1782 2315 1847 Adolescentium
2350 1797 2553 1861 Clamo,

1487 1873 1709 1935 postulo,
1746 1873 1985 1934 obsecro,
2027 1886 2140 1936 oro,
2184 1873 2348 1937 ploro,
2390 1880 2551 1939 atque

1485 1945 1706 2012 imploro
1729 1946 1902 1998 fidem.
1970 1949 2090 1999 Non
2105 1947 2363 2003 levissima
2381 1949 2450 1999 de
2474 1963 2555 2014 re,

1486 2031 1547 2073 nt
1582 2024 1818 2088 queritur
1851 2023 1940 2074 ille
1959 2023 2075 2075 fieri
2112 2025 2163 2073 in
2187 2024 2401 2076 civitate
2423 2024 2552 2076 faci-

1485 2114 1617 2151 nora
1635 2101 1908 2165 cspitalia:
1945 2100 2031 2151 Ab
2050 2101 2217 2151 amico
2241 2108 2447 2152 amante
2470 2116 2550 2152 ar·

1486 2183 1700 2239 gentum
1722 2175 1962 2241 accipere
1985 2175 2233 2227 meretrix
2264 2190 2369 2226 non
2404 2178 2551 2227 vulta

1482 2253 1589 2304 Sed
1630 2260 1690 2305 ut
1721 2254 1911 2317 adsint,
1950 2259 2284 2318 cognoscent,
2323 2253 2551 2305 animad-

1482 2337 1711 2395 vertant,
1752 2330 1875 2398 quid
1921 2330 1987 2381 de
2023 2330 2293 2395 religione,
2330 2331 2550 2395 pietate,

1484 2406 1783 2470 sanctitate,
1838 2406 2165 2468 caerimoniis,
2209 2409 2309 2457 διο.
2367 2407 2551 2458 existi-

1484 2481 1731 2533 mandum
1744 2482 1851 2531 sit!
1918 2484 2091 2533 Deum
2112 2490 2271 2547 atque
2289 2482 2550 2533 bominum

1483 2556 1640 2609 fidem
1664 2558 1927 2623 implorat,
1947 2558 2204 2622 obsecrat,
2226 2564 2282 2609 et
2306 2566 2420 2610 orat
2442 2573 2549 2610 om·

1486 2646 1596 2697 nes,
1618 2632 1794 2684 adsint
1815 2642 1872 2685 et
1894 2640 2215 2698 cognoscant
2229 2635 2294 2684 de
2317 2649 2375 2684 re
2400 2642 2551 2685 tauta

1486 2715 1700 2776 tamque
1734 2712 1895 2761 ardna
1935 2720 2092 2776 atque
2125 2711 2344 2777 difficili,
2380 2714 2548 2780 qualis

1484 2794 1568 2838 est
1588 2793 1771 2839 natura
1793 2788 2024 2851 deorum,
2047 2788 2113 2839 de
2138 2805 2238 2854 qna
2257 2789 2328 2840 sit
2347 2791 2550 2840 locutu-

1483 2878 1592 2915 rus.
1656 2862 1990 2928 Expectabat
2027 2865 2112 2914 hic
2151 2865 2310 2915 credo
2346 2865 2549 2930 aliquis,

1484 2947 1543 2991 nt
1577 2953 1670 2989 nos
1692 2947 1925 2990 moneret
1956 2954 2010 2989 se
2033 2954 2157 3001 non,
2197 2947 2256 2991 ut
2292 2939 2382 2990 ille
2405 2940 2547 3004 apud

1481 3015 1706 3066 Statium
1728 3015 1962 3080 perditus
1982 3014 2300 3079 adolescens,
2313 3015 2433 3065 ideo
2457 3030 2547 3065 ex-

1480 3093 1729 3155 clamare,
1779 3089 1917 3155 quod
1971 3090 2223 3140 meretrix
2275 3099 2547 3153 argentum

1479 3168 1725 3232 accipere
1771 3166 1935 3216 nollet
1960 3182 1974 3215 τ
2045 3164 2163 3215 Hae
2209 3166 2546 3235 excusatione

1479 3243 1758 3307 interiecta
1800 3256 1905 3293 nou
1950 3247 2150 3292 tantum
2195 3242 2301 3292 vim
2341 3257 2546 3294 omnem

1481 3319 1871 3371 exclamationis
1912 3318 2091 3369 tollit>
2120 3317 2273 3384 (qnid
2317 3319 2453 3370 enim
2498 3321 2545 3371 sl

1481 3397 1568 3447 ille
1592 3397 1724 3447 alter
1746 3396 1910 3446 stulte
1926 3400 2101 3445 tantos
2124 3403 2294 3445 motus
2315 3396 2487 3448 ciebat
2501 3396 2547 3461 ?)

1479 3472 1574 3523 sed
1598 3472 1756 3522 etiam
1778 3471 1832 3521 iu
1853 3471 2156 3535 gravissima
2170 3473 2406 3537 materia,
2438 3487 2542 3538 quo

1476 3546 1531 3597 id
1554 3546 1762 3598 minime
1782 3546 1978 3608 decuit,
2010 3547 2129 3596 loeo
2165 3548 2389 3599 animum
2435 3550 2543 3601 lec-

1475 3624 1623 3687 toris,
1643 3637 1795 3688 quem
1818 3628 2078 3672 attentum
2097 3621 2289 3673 babere
2306 3623 2438 3687 vult,
2469 3625 2544 3675 le·

1476 3700 1642 3751 vitate
1665 3700 1784 3750 talis
1816 3698 2054 3763 imaginis
2074 3698 2140 3748 ad
2176 3700 2333 3751 risum
2362 3701 2543 3753 tradu-

1475 3779 1549 3828 cit
1566 3778 1771 3828 :insunt
1790 3776 2032 3826 nimirum
2051 3776 2272 3840 ingeniis
2288 3778 2543 3844 omnibns,

1475 3854 1557 3903 bis
1575 3853 1779 3920 quidem
1797 3851 2042 3916 pauciora
2057 3867 2209 3917 qnam
2224 3853 2346 3917 illis,
2363 3854 2542 3905 insum

1475 3936 1651 3980 temen
1676 3928 1911 3979 omnibus
1939 3928 2066 3978 vitia
2083 3928 2319 3993 quadam
2338 3945 2449 3995 sua,
2484 3933 2540 3984 in

1476 4006 1660 4071 quibus
1674 4005 1886 4057 delicias
1901 4003 2118 4064 faciunt,
2130 4012 2186 4056 et
2195 4006 2541 4074 ineptiae,qui·

1478 4082 1574 4133 bus
1592 4083 1873 4148 plandunt:
1903 4096 2018 4147 que
2032 4083 2237 4148 quidem
2257 4085 2391 4135 utin
2423 4087 2539 4139 aliis

1474 4159 1752 4210 observare
1772 4167 1830 4210 et
1863 4166 2047 4209 notare
2074 4160 2304 4223 proclive
2327 4169 2428 4225 est,
2461 4164 2540 4214 lta

1476 4252 1574 4302 pro
1593 4251 1653 4287 se
1685 4236 1898 4302 quisque
1933 4233 2215 4285 difficulter
2246 4238 2539 4288 evitaverit.

1472 4314 1697 4367 Placent
1731 4313 1868 4364 onim
1910 4317 1969 4363 et
2021 4310 2357 4364 blandiuntur
2397 4312 2537 4364 faeie
