3050 4867
561 382 737 454 4534
1230 393 1623 449 aecensus
1679 392 2116 447 ammonui«

568 551 725 623 1678
767 547 1141 623 Helmtadii,
1170 553 1231 609 4.
1258 548 1599 621 Germania.
1621 566 1756 609 eum
1781 545 1939 607 notis
1958 543 2092 608 crit.
2117 549 2180 607 et
2195 542 2323 607 aliis
2341 562 2616 607 ιιοιιιιιιι.
2636 562 2784 607 cura

642 648 846 710 Herm.
872 646 1196 726 conringii.
1222 645 1423 707 Editio
1449 647 1643 705 tertia.

571 744 725 810 16⁸³
768 743 1008 825 Lipaiae,
1034 751 1092 805 8.
1135 749 1155 776 ⁴
1183 741 1257 802 C.
1285 743 1409 803 Jul.
1434 742 1728 822 Agricola
1756 740 1897 815 vita,
1927 738 2212 819 scriptore
2229 738 2304 802 C.
2330 737 2511 798 Corn.
2525 735 2782 808 Tacito,

645 861 785 905 cum
831 841 984 903 notis
1014 843 1172 919 Aug.
1223 838 1517 899 Buchneri
1558 838 1816 919 prinum
1861 836 2042 898 editis
2088 854 2233 897 cura
2273 836 2394 895 Ge.
2431 832 2783 896 Schnharti.

582 939 813 1019 Lips.
839 937 1119 1017 impensis
1149 934 1241 997 Μ.
1270 935 1354 995 G.
1384 931 1695 995 Huhneri!

570 1042 728 1108 1714
766 1034 1058 1113 Erlangae,
1106 1041 1166 1096 8.
1212 1030 1553 1103 Germania,
1602 1048 1740 1091 cum
1783 1028 1938 1090 notis
1975 1026 2277 1108 perpetuis
2301 1028 2400 1089 Jo.
2426 1024 2780 1108 christoph.

644 1129 892 1191 Veneri.

570 1233 731 1296 1720
771 1224 944 1287 Halm
970 1225 1178 1305 Magd.
1212 1230 1307 1286 12.
1338 1222 1678 1294 Germania,
1704 1242 1762 1284 c.
1790 1226 1852 1284 n'.
1882 1224 2087 1284 Germ.

572 1329 727 1394 1725
771 1320 1142 1382 Francofurti
1187 1319 1266 1381 ad
1313 1317 1514 1380 Viadr.
1561 1326 1620 1380 8.
1661 1320 1735 1380 C.
1764 1319 1946 1380 Corn.
1971 1317 2221 1379 Tacitus
2245 1315 2321 1400 de
2343 1318 2485 1390 situ,
2510 1314 2780 1378 moribus

645 1426 710 1479 et
728 1416 966 1496 populis
982 1416 1339 1489 Germania,
1358 1420 1478 1477 ἀο.
1502 1435 1640 1477 curu
1655 1435 1878 1478 comm.
1907 1417 2066 1478 Just.
2086 1415 2429 1497 christoph.
2459 1413 2779 1476 Dithman'.

649 1514 976 1576 Plenior-em
1004 1514 1243 1575 titulum
1270 1514 1392 1575 vid.
1418 1514 1494 1574 ad
1524 1532 1624 1574 an.
1658 1521 1836 1586 1749.

568 1617 731 1682 1744
770 1611 943 1673 Halae
972 1611 1179 1692 magd.
1210 1619 1306 1674 12.
1335 1610 1678 1682 Germania,
1704 1630 1845 1672 cum
1872 1611 2027 1673 notis
2054 1612 2263 1673 Germ.

574 1713 729 1777 1745
773 1706 1102 1787 Gottingae,
1136 1715 1229 1771 12.
1259 1706 1808 1786 e.Ju1.Agrico}ae
1846 1706 1989 1768 vita.
2030 1708 2099 1768 ln
2136 1711 2236 1770 Jo.
2274 1705 2499 1769 matth.
2525 1704 2782 1768 Gesneri

652 1801 1024 1864 Enchiridio.

572 1904 731 1970 1747
772 1898 1004 1977 Lipsiae,
1034 1904 1090 1960 8.
1119 1899 1192 1959 C.
1223 1898 1403 1960 Corn.
1447 1895 1643 1960 Taciti
1679 1896 1758 1959 (ie
1806 1896 1946 1971 situ,
1994 1917 2141 1961 mor.
2170 1908 2232 1962 et
2258 1917 2406 1981 pop.
2435 1898 2782 1960 Germania

647 1993 902 2057 libellus.
932 2013 992 2054 c.
1012 2003 1139 2056 not.
1169 1994 1596 2075 Hnuptmanni.

573 2098 732 2164 1749
773 2090 1147 2153 Francofurti
1171 2091 1248 2152 ad
1273 2090 1474 2153 Viadr.
1518 2100 1635 2156 8.‘
1663 2093 1739 2153 C.
1769 2094 1951 2155 Corn.
1977 2093 2225 2155 Tacitus
2249 2092 2356 2153 de‘
2352 2093 2486 2165 situ,
2515 2090 2782 2153 moribus

646 2197 710 2248 et
753 2207 901 2270 pop.
939 2184 1293 2263 Germaniiae,
1327 2210 1463 2252 cum
1502 2200 1796 2273 perpetuo
1840 2199 1902 2251 et
1942 2192 2310 2271 pragmatico
2334 2190 2784 2263 commentario,

649 2303 773 2364 quo
798 2286 1156 2366 populorum
1182 2288 1521 2350 Germaniae
1568 2288 1831 2362 nomina,
1879 2288 2086 2360 situm,
2115 2308 2209 2349 res
2247 2297 2464 2367 gestas,
2492 2286 2785 2347 coitiohes

646 2380 709 2441 in
736 2381 1053 2444 societates
1081 2403 1346 2463 magnas,
1373 2394 1555 2464 atque
1600 2406 1672 2448 ex
1721 2386 2043 2447 eorundem
2085 2384 2344 2447 moribus
2386 2383 2681 2443 variorum
2721 2383 2786 2443 in

649 2476 971 2540 Germania
997 2480 1379 2565 publicorum
1408 2501 1481 2543 ac
1508 2483 1880 2561 privatorum
1916 2480 2146 2559 jurium
2190 2487 2253 2541 et
2281 2477 2786 2540 consuetudinum

649 2574 933 2655 originem
960 2585 1022 2636 et
1050 2595 1424 2657 progressum
1461 2577 1746 2657 exposuit
1769 2578 1978 2639 Iustus
2018 2576 2365 2655 christoph.
2412 2575 2784 2634 Dithmarus.

647 2670 1047 2733 Acceduntin
1072 2672 1403 2753 adpendice
1420 2685 1581 2736 notat
1598 2674 1922 2755 Conriugii,
1951 2673 2206 2736 Lacarrii
2230 2682 2292 2734 et
2321 2670 2620 2742 Leibnitii,
2643 2689 2784 2731 cum

652 2766 942 2847 excerptis
970 2787 1042 2827 ex
1073 2769 1157 2828 cl.
1180 2769 1312 2847 jac.
1338 2771 1630 2831 Gronovii
1657 2770 1921 2832 oratione
1942 2771 2020 2831 de
2045 2779 2312 2850 tempore
2336 2767 2788 2847 immigntionis

648 2863 1010 2925 Batavorum
1050 2864 1111 2925 in
1157 2865 1406 2927 insulam
1442 2886 1634 2930 suasu.
1716 2866 1916 2929 Editio
1960 2868 2146 2928 altera
2184 2865 2365 2946 priori
2390 2862 2785 2925 emendatior.
2821 2904 2832 2917 ·

649 2960 813 3021 Frcf.
842 2959 919 3022 ad
953 2960 1158 3023 Viadr.
1186 2963 1434 3042 impens.
1461 2964 1564 3026 Jo.
1591 2964 1809 3028 Christ.
1839 2960 2121 3046 Kleybii!

568 3053 734 3128 1766
772 3055 921 3118 ibid.
970 3066 1028 3122 8.
1070 3058 1145 3120 C.
1177 3060 1356 3123 Corn.
1384 3061 1630 3124 Tacitus
1680 3062 1756 3123 de
1800 3061 1939 3135 situ,
1979 3059 2245 3122 moribus
2271 3066 2336 3119 et
2357 3056 2602 3138 populis
2633 3058 2789 3118 Ger-

648 3152 882 3226 mania,
908 3156 1027 3214 «icc.
1068 3155 1270 3216 Editio
1294 3156 1587 3217 Dithmari
1611 3176 1838 3219 recusa.

573 3255 726 3319 1771
775 3248 1055 3323 Londini,
1085 3260 1145 3314 8.
1192 3252 1489 3330 Agricola,
1519 3252 1652 3313 Lat.
1678 3260 1741 3312 et
1767 3251 1938 3331 Angl.
1970 3251 2284 3330 interprete
2306 3252 2404 3313 Jo.
2435 3247 2703 3311 Aikinio.

572 3351 731 3415 1777
773 3346 1016 3420 Gothae.
1045 3340 1105 3409 8.
1149 3348 1450 3426 Agricola,
1480 3348 1615 3409 Lat.
1637 3356 1696 3410 et
1724 3349 1933 3411 Germ.

573 3445 731 3508 1783
777 3442 1051 3516 Berolini,
1080 3454 1140 3508 8.
1181 3444 1525 3518 Germania,
1571 3465 1708 3506 cum
1757 3444 1990 3506 selectis
2033 3443 2322 3505 variorum
2348 3442 2508 3503 notis
2534 3441 2788 3523 suisque

652 3535 840 3599 edidit
860 3538 999 3600 Car.
1032 3542 1217 3602 Henr.
1242 3543 1553 3605 Joerdens.

575 3627 734 3701 1786
773 3634 1143 3716 Altenhurgi,
1175 3644 1232 3698 8.
1275 3638 1348 3699 C.
1390 3638 1570 3699 Corn.
1617 3636 1870 3699 Tacitus
1897 3637 1973 3698 de
1999 3637 2134 3710 situ,
2164 3636 2424 3698 moribus
2447 3642 2511 3697 et
2537 3635 2782 3716 populis

651 3728 1009 3806 Germaniae,
1036 3753 1112 3794 ex
1139 3754 1258 3796 rec.
1292 3734 1523 3796 Ernesti
1565 3741 1630 3796 et
1669 3734 1934 3808 Gruteri,
1962 3753 2101 3795 cum
2127 3735 2387 3796 versione
2415 3734 2782 3795 Germanica

649 3833 714 3886 et
734 3838 963 3891 annott.

571 3927 730 3991 1788
772 3923 1008 4004 Lipsiae,
1038 3934 1163 3991 8.‘
1191 3928 1267 3990 C.
1321 3932 1503 3992 Corn.
1552 3927 1801 3991 Tacitus
1849 3928 1925 3989 de
1963 3930 2102 4002 situ,
2141 3928 2402 3990 moribus
2433 3935 2496 3988 et
2535 3925 2784 4007 populis

651 4018 1012 4097 Germaniae,
1053 4046 1129 4087 ex
1170 4046 1291 4087 rec.
1343 4037 1407 4089 et
1447 4046 1586 4088 cum
1635 4027 1869 4089 selectis
1907 4024 2409 4087 observationibus
2437 4025 2556 4087 huc
2584 4043 2783 4103 nsque

648 4118 957 4181 anecdotis
986 4121 1175 4185 Paulli
1203 4124 1357 4186 Dan.
1385 4122 1680 4204 Longolii,
1707 4142 1782 4184 ex
1808 4121 1926 4183 Me.
1955 4121 2151 4182 editus
2177 4140 2213 4181 a
2239 4122 2337 4184 Jo.
2365 4119 2647 4200 Knppio:

568 4242 655 4260 -·
702 4210 981 4296 Londiui‚
1064 4229 1124 4285 8·.
1189 4228 1213 4263 ⁸
1247 4221 1498 4285 Tacitus
1542 4223 1619 4284 de
1673 4220 1947 4283 Moribus
1993 4222 2420 4282 Germanorum
2447 4226 2510 4279 et
2533 4219 2612 4279 de
2641 4218 2784 4279 Vit-
