3050 4867
377 380 664 467 ‚4062

482 542 810 608 qufinitimu,
830 542 1139 592 Pharasmani
1153 542 1481 604 Polemonique
1499 547 1549 591 et

485 618 758 669 Aristobulo
788 623 927 681 atque
947 619 1182 667 Antiocho
1215 632 1384 680 parere
1397 619 1547 679 jussa

485 698 608 743 unt.
655 693 838 741 Iberus
862 699 937 741 est
957 693 1329 742 Pharasmanes
1343 692 1547 756 jamdu-

487 768 609 817 dum
631 783 726 831 per
749 767 905 816 filium
935 768 1316 818 Rhadsmistum
1340 769 1547 818 insidia-

484 850 571 893 tus
593 842 764 892 fratris
789 844 1109 892 Mithridatis
1143 859 1323 907 regno,
1363 844 1547 893 Arme-

485 921 622 970 niae:
659 920 795 970 unde
818 936 934 970 cum
972 923 1406 972 absterreretura
1444 923 1547 972 Ro-

484 998 665 1061 mania,
702 999 887 1061 partim
913 1005 972 1047 ut
1005 1000 1180 1047 horum
1205 998 1420 1061 gratiam
1442 1012 1548 1047 me-

484 1081 712 1136 reretur,
745 1075 933 1138 partim
971 1075 1178 1138 proprio
1206 1082 1348 1127 metu
1383 1073 1545 1123 tilium

484 1150 767 1213 interfecit,
802 1159 858 1201 et
892 1167 959 1201 ex
980 1167 1045 1200 eo
1074 1150 1320 1201 adv'ersus
1351 1151 1546 1200 Tirida·

484 1234 592 1278 tem
628 1228 910 1278 Corbuloni
950 1228 1207 1277 militavit.
1280 1228 1409 1276 Vide
1433 1228 1547 1277 no'sss

485 1311 624 1355 trum
647 1304 681 1363 l.
705 1317 807 1353 ιιι.
824 1308 907 1351 44.
931 1306 1028 1354 διο.
1094 1303 1231 1352 Item
1254 1304 1288 1353 1.
1314 1315 1438 1350 xm.
1460 1307 1543 1351 8⁷.

485 1380 574 1429 ubi
597 1386 652 1429 et
680 1380 874 1428 mentio
896 1380 962 1428 de
986 1379 1265 1441 Antiocho,
1301 1379 1545 1443 quemad-

481 1456 688 1505 modum
711 1456 900 1519 saepius
932 1456 1069 1506 alibi.
1137 1456 1354 1504 Polemo
1386 1456 1547 1515 nutis<

483 1533 641 1582 simus
687 1548 778 1583 rex
819 1534 994 1595 Ponti,
1046 1534 1274 1597 Josepho
1314 1531 1546 1594 Κιλικίας,

483 1605 611 1657 Ant.
631 1622 693 1658 ιι.
716 1612 796 1657 56.
835 1615 892 1658 et
928 1608 1069 1657 Hist.
1095 1622 1185 1656 111.
1207 1612 1291 1656 47.
1328 1622 1547 1657 comme-

482 1690 731 1733 moratur.
800 1684 1124 1733 Aristobnius
1160 1696 1284 1732 xm.
1306 1686 1358 1731 7.
1393 1683 1545 1732 Jose-

485 1760 615 1822 phua
638 1772 732 1808 xx.
757 1765 806 1809 5.
828 1759 1118 1822 ΤὴνΜικρᾶς
1146 1758 1384 1821 Ἀρμενίας
1404 1772 1546 1820 προσ-

483 1835 655 1884 τασίαν
683 1834 1063 1899 Ἀριστόβουλος,
1082 1834 1286 1897 Ἡρώδου
1304 1836 1391 1891 τῆς
1411 1839 1544 1882 Xan-

483 1910 610 1961 κίδος
632 1909 867 1960 Βασιλέως
885 1913 1012 1973 παῖς,
1043 1909 1135 1959 ἀπὸ
1159 1908 1366 1973 Νέρωνος
1386 1911 1545 1973 ἐγχει-

484 1985 683 2050 ρίζεται.
721 1989 929 2037 Gronov.

549 2063 609 2112 In
629 2063 821 2126 Syrium
841 2063 1082 2126 abscessit]
1125 2062 1211 2112 Ita
1246 2063 1546 2113 emendavit

483 2136 707 2199 Lipsius.
777 2137 917 2186 Male
937 2144 1108 2201 antea,
1127 2138 1337 2187 accessit.
1371 2139 1521 2189 Picb.

548 2212 682 2261 Cu.
701 2216 783 2261 27.
822 2213 1105 2273 Puteolijus
1134 2212 1324 2262 colonie
1356 2218 1403 2262 et
1435 2230 1543 2276 cog-

482 2292 746 2339 nmentum
778 2303 808 2336 a
846 2289 1037 2337 Nerone
1072 2287 1421 2351 adipiscuntur]
1479 2290 1543 2338 In

479 2361 652 2413 ltaliae
677 2365 882 2427 regione
896 2364 1197 2426 Campania,
1218 2364 1543 2414 Cuma-orum

482 2440 766 2502 emporium
805 2439 1148 2498 Dicaearchia‚
1183 2441 1257 2490 sic
1296 2440 1362 2489 ab
1393 2440 1544 2503 justo

481 2514 702 2577 imperio
722 2515 868 2565 dicta
889 2513 1006 2578 fuit,
1029 2516 1116 2564 ubi
1139 2517 1328 2565 deinde
1352 2518 1543 2566 Puteo·

482 2587 520 2636 ii
558 2591 791 2642 colonia:
827 2591 894 2640 de
934 2606 1035 2655 qna
1069 2592 1245 2642 Livius
1283 2594 1319 2643 l.
1346 2605 1543 2643 xxxiv.

481 2664 630 2715 Facit
660 2680 726 2714 ex
759 2681 1009 2717 marmore
1032 2667 1323 2719 Puteolano
1356 2670 1431 2719 sic
1454 2685 1544 2719 ex-

483 2740 754 2804 scriptum,
785 2743 801 2770 ‘
825 2734 1156 2806 abscolonia,
1177 2744 1420 2795 deducta.
1453 2760 1545 2795 an·

483 2828 567 2864 no.
591 2829 678 2864 xc.
714 2816 782 2865 N.
807 2817 1037 2867 Fusidio.
1072 2818 1141 2868 N.
1165 2819 1222 2868 F.
1249 2820 1326 2868 Μ.
1351 2821 1541 2872 Pullio.

479 2889 584 2939 duo
609 2892 701 2939 vir.
727 2891 789 2940 P.
813 2892 1021 2941 Rutilio.
1037 2886 1135 2942 Cn.
1156 2894 1355 2944 Mallio.
1380 2896 1543 2954 Coss?

479 2980 511 3016 a
533 2967 722 3031 quibus,
741 2974 885 3017 retro
909 2968 1069 3018 ducta
1093 2968 1223 3019 ratio
1245 2982 1360 3019 cum
1394 2971 1544 3021 Livio

480 3042 747 3106 aptissime
791 3045 1069 3094 convenit:
1102 3047 1259 3095 ‘adeo
1305 3054 1365 3096 ut
1403 3047 1545 3096 nulia

471 3117 585 3182 jam
604 3119 807 3169 occasio
829 3120 1103 3170 dubitandi
1123 3123 1260 3186 apud
1284 3122 1543 3173 Velleium

481 3207 752 3256 superesse
778 3194 1033 3258 videatur,
1070 3197 1154 3246 ubi
1184 3198 1252 3247 de
1276 3200 1351 3247 M.
1379 3199 1543 3249 Fulvii

482 3267 789 3331 Nobilioris,
827 3272 920 3320 Cn.
948 3272 1127 3321 Manlii
1149 3273 1386 3323 Volsonis
1415 3289 1542 3323 con-

482 3345 656 3394 sulalu
680 3353 928 3406 tractans,
953 3348 1124 3409 priore
1148 3348 1239 3397 lib.
1260 3350 1334 3399 sic
1355 3349 1536 3400 habet:

479 3420 497 3447 ⁶
519 3419 716 3468 Eodem
774 3429 1064 3484 temporum
1121 3428 1312 3488 tractu,
1363 3440 1542 3490 quam-

481 3508 634 3561 quam
658 3497 793 3560 apud
829 3499 1077 3561 quosdam
1110 3500 1406 3563 ambigitur,
1440 3504 1543 3552 Pu·

480 3571 648 3621 teolos
699 3572 1069 3638 Salernumque
1122 3581 1180 3624 et
1242 3577 1542 3629 Buxentum

480 3646 847 3696 missicoloni.'
915 3650 1110 3699 Fuerat
1139 3658 1310 3701 autem
1347 3655 1542 3704 Puteo·

480 3722 560 3773 los
603 3730 727 3772 ante
770 3724 1171 3787 quinquennium
1214 3728 1415 3777 colonia
1453 3728 1541 3777 de-

480 3798 658 3863 ducta,
691 3814 843 3863 quam
870 3800 1076 3849 Fulvius
1097 3810 1154 3851 et
1196 3803 1422 3853 Manlius
1455 3819 1543 3868 ge-

481 3882 658 3925 rerent
681 3890 781 3924 uua
815 3877 1154 3927 consulatum.
1216 3879 1352 3929 Sane
1375 3880 1416 3928 si
1440 3881 1542 3929 Ro-

479 3966 634 4004 mana
671 3953 873 4002 colonia
913 3954 1142 4017 Puteoli,
1185 3957 1262 4006 uti
1306 3956 1540 4021 profecto

479 4039 582 4094 est,
620 4045 722 4081 non
762 4033 889 4081 satis
921 4033 1051 4096 scio,
1088 4035 1211 4098 quid
1245 4050 1414 4086 causae
1454 4038 1544 4100 sit,

480 4123 576 4159 eur
603 4108 694 4172 jus
731 4109 948 4159 coloniae
988 4116 1044 4159 et
1073 4121 1470 4174 cognomentum
1509 4128 1542 4162 a

480 4184 696 4236 Nerone
720 4184 940 4249 adipisci
965 4186 1202 4235 voluerit.
1250 4188 1380 4238 Cum
1405 4202 1541 4251 prae-

480 4261 660 4312 sertim
679 4262 733 4313 id
755 4262 1054 4327 ademptum
1074 4262 1377 4319 Puteolanis
1394 4264 1545 4329 mini·

1119 420 1129 427 ·
1196 400 1412 449 1010?AE
1461 398 1864 448 vamolwu
1914 399 1995 448 m

1621 555 1703 590 me
1742 548 1991 593 constet.·
2033 544 2225 592 Verum
2260 542 2395 593 liber
2416 543 2508 605 ‘de
2529 537 2682 597 coto·

1618 617 1747 666 niis:
1785 619 1973 667 Puteoli
2000 619 2178 667 colonia
2219 621 2454 683 Augusta,
2489 618 2685 682 Augus-

1617 700 1696 742 tus
1711 696 1926 756 deduxit,
1942 699 2022 758 qe.
2055 696 2184 747 Quae
2207 695 2284 744 ite
2302 710 2507 760 quoque
2518 696 2681 759 scrip·
2782 748 2783 751 ,

1621 775 1678 818 ta
1707 771 1839 832 legit
1862 771 2233 819 volaterranus
2275 770 2617 837 Geographiae
2641 771 2680 820 i.

1621 858 1696 895 v1.
1720 855 1775 894 at
1807 847 2041 895 Alciatus
2071 847 2146 895 sic
2170 846 2369 906 retulit,
2401 852 2416 874 ‘
2442 847 2683 896 Puteolis

1620 922 1719 970 col.
1731 922 1983 986 Augusta.
1996 921 2258 985 Angustus
2273 923 2411 972 Nero
2431 922 2683 974 deduxit.’.

1622 998 1735 1059 Ego
1758 1013 1823 1047 ex
1849 998 1980 1048 Lud.
2003 999 2176 1047 Miraei
2202 999 2540 1061 chirographo
2563 1013 2681 1063 prn-

1621 1071 1767 1132 duxi,
1802 1088 1916 1137 quae
1950 1074 2073 1121 mihi
2095 1081 2247 1122 siut:
2300 1072 2678 1133 et,verendnm

1619 1161 1685 1196 ne
1707 1150 1937 1214 quisquis
1961 1159 2141 1200 auctor
2162 1150 2298 1199 illius
2315 1151 2475 1200 libelli
2501 1149 2681 1213 fuerit,
2712 1144 2717 1147 ’

1618 1225 1829 1285 Augusti
1880 1228 2129 1277 vocabulo
2183 1227 2354 1291 potius
2401 1227 2678 1277 Octavium

1618 1300 1956 1363 intellexerit,
2005 1318 2154 1367 quam
2202 1304 2491 1362 Neronem;
2534 1302 2679 1352 illum

1618 1376 1755 1425 enim
1791 1377 1928 1428 idem
1965 1380 2042 1428 ita
2070 1395 2230 1443 saepe,
2268 1381 2403 1429 hunc
2442 1381 2678 1428 Neronem

1619 1453 1702 1501 vel
1729 1454 1981 1504 Claudium
2006 1457 2086 1505 vel
2112 1458 2345 1505 Goesarem
2374 1454 2677 1519 frequentet·

1617 1529 1866 1580 nominat.
1931 1533 2050 1582 Quo
2089 1532 2249 1595 magis
2293 1538 2468 1595 putem
2506 1528 2683 1593 Aleia·⁸

1618 1611 1726 1655 tum
1756 1605 1907 1668 hujus
1941 1618 2125 1656 nomen
2163 1607 2422 1656 addidisse
2461 1606 2528 1655 de
2562 1618 2675 1656 suo.

1618 1679 1773 1731 Quod
1797 1681 1840 1728 si
1859 1682 2167 1731 Caesarianis
2191 1682 2393 1731 militib.
2432 1681 2679 1731 Puteola:

1619 1771 1712 1805 nus
1733 1771 1856 1818 ager
1879 1756 2171 1821 assignatus
2195 1764 2295 1820 est,
2335 1772 2400 1807 ne
2424 1771 2679 1821 possesso·

1617 1832 1714 1881 rib.
1739 1832 2011 1897 ademptus
2048 1833 2272 1896 dicetur,
2309 1831 2683 1897 infrequentia

1617 1906 1844 1956 locorum
1886 1909 2253 1958 subventurum
2293 1909 2439 1957 novis
2475 1907 2679 1971 iegibus

1616 1995 1800 2030 novam
1823 1983 2070 2033 coloniam
2087 1984 2361 2033 deduxisse
2382 1981 2676 2047 Augustum

1618 2057 1887 2120 probabile
1908 2067 2021 2118 est3
2057 2073 2172 2107 cum
2190 2073 2219 2108 e
2243 2058 2461 2108 veterib.
2479 2058 2677 2108 colonie

1615 2144 1767 2181 nemo
1800 2141 2063 2196 superstes
2085 2132 2251 2195 foret,.
2274 2135 2360 2199 qni
2401 2135 2488 2197 jus
2527 2135 2676 2186 Rom.

1612 2207 1842 2258 civitatis
1864 2210 2072 2271 exlege
2110 2211 2324 2259 colouiae
2363 2211 2550 2259 veteris
2585 2210 2692 2261 his-‚-

1616 2283 1828 2333 buisset.
1878 2285 1996 2337 ,Sed
2017 2286 2060 2335 si
2084 2299 2166 2335 res
2189 2286 2265 2334 ita
2298 2298 2355 2334 se
2377 2285 2548 2344 habet,
2576 2287 2677 2335 Pu-

1617 2360 1766 2408 teolis
1808 2360 2011 2412 colonie
2055 2361 2354 2426 Augustalis
2393 2370 2511 2413 est:
2549 2363 2675 2428 quid
2759 2411 2770 2422 ,

1615 2434 1776 2498 igitur
1811 2436 1908 2485 sibi
1950 2437 2130 2499 voluit,
2179 2453 2298 2487 cum
2324 2438 2414 2501 jus
2452 2438 2673 2487 colonioe

1617 2517 1671 2559 et
1705 2517 2101 2574 cognomentum
2137 2528 2168 2561 a
2204 2515 2416 2564 Nerone
2447 2514 2676 2579 postula·

1615 2586 1723 2636 vit?
1757 2588 1898 2636 circa
1918 2587 2295 2640 dubitationem
2330 2591 2461 2639 hanc
2498 2590 2676 2639 tollen*

1616 2661 1733 2711 dam
1769 2661 1948 2713 deficit
1979 2665 2258 2728 ingenium.
2325 2664 2508 2716 Potuit
2541 2667 2676 2716 enim

1618 2739 1835 2788 coioniae
1870 2740 1961 2804 jus
2006 2749 2189 2804 petere
2241 2742 2408 2805 vicus,
2460 2741 2679 2791 munici-

1620 2814 1789 2878 pium:
1824 2817 2024 2865 colonid
2049 2831 2147 2865 nou
2171 2817 2380 2867 debuit:
2416 2818 2515 2868 nisi
2541 2817 2677 2881 ejus-

1618 2891 1757 2940 modi
1800 2900 1965 2954 esset,·
1997 2909 2113 2958 quae
2161 2903 2221 2943 ut
2262 2895 2339 2944 ait
2380 2895 2587 2957 Ulpian.
2632 2908 2676 2944 ι.

1617 2966 1686 3016 de
1717 2966 1987 3030 Censibus,
2025 2968 2040 2995 ‘
2063 2968 2186 3017 nihil
2224 2977 2421 3032 praeter
2456 2969 2676 3020 colonia

1616 3043 1809 3092 nudum
1832 3057 2018 3093 nomeu
2053 3045 2299 3095 haberet:
2364 3044 2441 3094 At
2468 3046 2555 3095 vix
2588 3051 2676 3096 est

1617 3125 1678 3167 ut
1715 3119 1768 3168 in
1803 3119 1961 3168 Italia
1982 3119 2141 3172 suerit
2170 3122 2389 3185 colonia,
2425 3137 2541 3186 quae
2568 3123 2677 3188 jus,

1616 3210 1683 3244 ne
1704 3195 1874 3245 dicam
1898 3198 2133 3259 coloniae,
2170 3199 2409 3249 Italicum
2448 3201 2550 3249 hon
2585 3201 2675 3250 ha·

1619 3271 1807 3322 buerit.
1874 3273 2177 3323 subtiliores
2210 3275 2469 3324 viderint:
2502 3290 2674 3340 neque

1616 3347 1752 3396 enim
1776 3362 1856 3397 me
1880 3349 2044 3411 pudet
2080 3351 2130 3399 in
2161 3364 2217 3400 re
2258 3352 2546 3414 praesertim
2570 3366 2676 3403 non

1617 3423 1840 3486 protrita
1877 3425 2004 3473 illud
2040 3426 2240 3476 nescire
2263 3426 2520 3476 confiteri.
2591 3429 2676 3477 De

1615 3500 1919 3561 cognomine
1944 3502 2133 3550 tentari
2152 3510 2347 3566 potest,
2367 3501 2593 3553 fueritne
2615 3510 2676 3555 nt

1615 3577 1795 3625 colonia
1816 3577 2109 3640 Agrippina,
2143 3580 2218 3629 sic
2236 3581 2417 3629 colonia
2443 3581 2680 3630 Neronia-

1615 3666 1702 3700 na.-
1736 3653 1961 3715 qualiter
1980 3655 2204 3705 Veronae
2228 3657 2531 3720 inscriptum
2547 3657 2677 3721 legi·

1615 3744 1748 3789 mue,
1769 3730 1784 3757 ‘
1800 3728 2031 3780 Colonia.
2054 3733 2305 3796 Augusta.
2321 3735 2543 3783 Verona.
2571 3736 2678 3785 No·

1615 3819 1698 3854 va.
1731 3806 1983 3856 Galliam.
2018 3809 2313 3859 Valeriano.
2336 3824 2399 3859 11.
2425 3817 2481 3859 et
2502 3810 2676 3860 Lucil-

1616 3881 1686 3928 lio
1707 3882 1867 3931 coss!
1910 3884 2126 3934 Ver-tran.

1689 3960 1912 4009 Veterani
1969 3963 2225 4013 Tarentum
2262 3969 2309 4013 et
2352 3963 2552 4013 Antium
2594 3967 2680 4014 ad-

1614 4035 1803 4099 scripti]
1842 4037 2022 4086 Lectio
2061 4039 2256 4088 codicis
2278 4041 2490 4101 veteris,
2542 4041 2678 4090 Vete-

1615 4114 1724 4161 mai
1778 4113 2027 4163 Tarentum
2080 4116 2315 4179 assmipti.
2384 4117 2677 4168 Rhenanus.

1618 4191 1956 4241 Corvinianus
1977 4192 2112 4241 iiber
2130 4195 2272 4243 Antii
2285 4208 2388 4245 non
2409 4196 2642 4244 meminit
2659 4211 2675 4245 z
2692 4210 2708 4222 ⁸

1619 4267 1711 4318 sed
1734 4267 1961 4331 vulgaris
1999 4269 2531 4337 lectioTranquillum
2565 4269 2677 4320 fau-
