3050 4867
500 369 678 449 3866

500 529 725 594 proxima
758 529 906 583 mvii
941 529 1093 583 aliter
1128 538 1340 595 possunt
1374 534 1563 596 accipi,

506 619 661 669 quam
698 606 766 655 de
804 609 1038 670 proximo
1070 609 1230 668 mari;
1264 610 1370 657 sive
1404 611 1562 672 ipsius

504 684 662 733 maris
686 685 933 747 ‘proxima
968 692 1136 748 parte.
1203 688 1343 737 Sicut
1370 701 1457 736 ιιι.
1478 691 1558 737 7⁸.

502 759 718 808 ‘intima
752 758 984 825 Africae:
1022 776 1117 824 pro
1150 762 1343 813 intima.
1364 763 1563 825 Africa,

486 840 599 900 ⁸sut
638 834 820 884 intima
859 844 1006 898 parte
1046 834 1245 887 Africa
1281 852 1355 889 iv.
1392 843 1476 889 46.
1508 847 1562 888 et

484 922 613 961 ‚xit
633 915 714 961 66.
779 915 795 938 ‘
819 912 973 961 Edita
994 914 1244 963 montium
1258 914 1291 962 ι’
1314 923 1367 963 et
1390 916 1443 963 in
1467 916 1564 965 boc

504 986 621 1053 ipso
659 989 907 1038 vocabulo
947 989 1014 1037 Η.
1054 1002 1141 1039 ιιι.
1173 994 1255 1041 42.
1287 991 1565 1041 ‘Proxima

508 1063 750 1115 litorum!
785 1076 876 1113 xv.
915 1070 995 1114 58.
1039 1067 1054 1094 ‘
1079 1067 1320 1116 Proxima
1353 1068 1567 1118 munici-

508 1138 755 1204 piorum,’.
793 1155 886 1202 pro
921 1141 1163 1203 proximis
1203 1141 1441 1192 litoribus
1475 1150 1567 1192 aut

508 1215 816 1279 municipiis.
882 1216 967 1264 Sic
1012 1217 1173 1280 igitur
1209 1223 1264 1266 ct
1295 1219 1567 1280 ‘proxima

509 1291 683 1341 maris’
721 1292 1115 1355 interpretanda
1133 1301 1303 1356 erant,
1332 1294 1373 1343 si
1396 1295 1566 1344 verbis

508 1369 861 1419 inhaereamus.
930 1371 1064 1419 Nam
1103 1373 1413 1421 seutentiam
1454 1386 1567 1421 ver·

508 1445 706 1494 sionum
742 1447 905 1508 magis
948 1446 1143 1509 probo;
1188 1438 1424 1512 adeoque
1467 1463 1566 1498 nou

506 1521 728 1585 proxima
776 1522 943 1583 maris,
992 1523 1084 1572 sed
1127 1524 1251 1573 κιαι-ί
1293 1522 1567 1586 legendum

508 1598 750 1660 arbitror,
773 1599 927 1649 litera
949 1599 1153 1651 scilicet
1175 1600 1429 1665 sibilante,
1452 1615 1569 1665 que

511 1688 580 1723 ex
614 1675 883 1725 vicinitate
922 1677 1186 1740 sequentis
1219 1676 1455 1726 vocabuli
1492 1683 1570 1725 te·

510 1764 669 1812 mere,
681 1758 741 1800 ut
760 1751 1092 1814 solet,baesit‚
1107 1752 1321 1816 rejecta.
1349 1752 1569 1802 Freiasli.

575 1825 836 1877 Silenum
854 1842 918 1876 «ii
938 1827 1077 1890 vocs}
1101 1829 1373 1878 Moestitiae
1395 1842 1569 1877 coines

509 1908 569 1952 et
601 1901 880 1953 silentium.
901 1903 1023 1954 Job.
1048 1908 1099 1952 2.
1132 1903 1431 1953 ‘Sederunt
1450 1917 1569 1953 cum

511 1991 577 2027 eo
610 1977 664 2027 in
688 1983 830 2027 terra
850 1984 1051 2042 septem
1075 1978 1256 2028 diebus
1288 1985 1344 2027 et
1365 1985 1567 2042 septem

512 2052 772 2115 noctibus,
793 2059 849 2101 et
881 2067 1029 2102 nemo
1054 2053 1106 2102 ei
1128 2052 1436 2117 loquebatur
1457 2067 1570 2102 ver-

515 2129 662 2178 bum:
717 2128 962 2178 videbant
1004 2129 1142 2177 euim
1184 2129 1415 2179 dolorem
1453 2143 1569 2180 esse

514 2203 907 2253 vehementem?
941 2204 1181 2254 Aurelius.
1537 2192 1544 2199 ’

578 2278 829 2339 Successit,
864 2294 955 2327 ιιωι
986 2280 1158 2343 cheri]
1218 2279 1396 2329 Solent
1431 2278 1569 2328 euim

518 2356 605 2421 qui
648 2369 715 2413 ex
757 2356 910 2419 longa
962 2356 1291 2419 navigatione
1348 2363 1573 2420 portum,

517 2447 668 2498 qiiem
700 2431 969 2495 petebant,
993 2433 1190 2495 vident,
1211 2439 1407 2482 terram
1438 2434 1571 2482 salii-

517 2515 649 2573 tare,
665 2514 720 2559 et
735 2511 924 2559 multas
946 2508 1147 2567 laetitia
1168 2507 1571 2572 significationes

516 2586 661 2637 dare.
744 2588 890 2650 virg.
936 2600 1021 2635 ιιι.
1069 2585 1334 2649 ‘Italiam,
1376 2586 1572 2651 primus

517 2663 810 2713 conclamat
831 2662 1092 2722 Achates3
1122 2660 1336 2711 ltaliam
1353 2662 1478 2711 loeto
1495 2676 1575 2710 so-

518 2735 589 2784 cii
610 2737 834 2786 clamore
856 2736 1120 2787 salutant.'
1155 2737 1393 2786 Muretus.
1459 2738 1574 2801 Ego

519 2827 637 2861 cum
671 2813 770 2862 illis
804 2813 975 2876 potius
1009 2811 1196 2873 sentio,
1216 2812 1305 2875 qui
1338 2813 1576 2874 classem,

520 2894 579 2937 ut
614 2886 708 2952 pei'·
742 2888 903 2951 ipsam
944 2888 1019 2936 rei
1056 2894 1288 2937 naturam
1326 2902 1456 2952 opus
1477 2895 1577 2949 est,

520 2965 707 3015 sensim
752 2964 1009 3014 admotam
1056 2970 1113 3013 et
1156 2964 1576 3028 propinquiorem

520 3040 663 3090 litori
678 3038 867 3090 factam
891 3046 1186 3102 exponunt:
1209 3053 1311 3089 non
1334 3048 1389 3089 ut
1404 3040 1576 3090 studio

522 3116 695 3167 cursui
718 3123 1080 3181 temperatum,
1113 3124 1203 3166 aut
1234 3117 1436 3179 segnius
1459 3116 1578 3166 red-

521 3193 690 3243 ditum
735 3192 894 3243 fuerit
938 3192 1227 3256 remigium:
1263 3192 1401 3258 quod
1440 3193 1578 3242 sicut

494 3277 625 3317 ‘non
672 3268 952 3317 intendisse
996 3282 1090 3330 per
1138 3268 1477 3330 alacritatem,
1516 3272 1578 3316 ιιι

519 3345 688 3394 solent
710 3344 1032 3408 appellentes
1054 3343 1106 3390 in
1133 3342 1425 3392 desiderata
1445 3343 1578 3404 loca,

520 3420 599 3469 ita
634 3433 801 3483 neque
836 3419 1093 3468 remisisse
1135 3417 1300 3468 videri
1339 3424 1577 3481 possunt,

522 3496 615 3547 sed
633 3497 815 3545 eodem
835 3503 1017 3545 tenore
1049 3495 1315 3558 inceptum
1339 3495 1440 3543 iter
1461 3506 1576 3543 esse

523 3571 844 3637 prosequuti.
882 3570 1102 3621 Freiasli.

587 3650 723 3699 Cae.
733 3652 783 3699 2.
798 3645 1475 3710 ManeresaagereiiturJNon
1487 3660 1579 3696 uo-

522 3739 707 3789 ve,nec
718 3739 781 3773 ex
796 3723 1093 3773 Latinitatis
1104 3729 1365 3786 portento:
1380 3724 1578 3788 quippe

522 3801 597 3852 ita
619 3802 836 3850 Plautus
875 3800 928 3847 in
948 3797 1312 3849 Triumviro.‘
1330 3798 1579 3862 Sequere,

522 3890 640 3927 mea
658 3881 801 3938 nata,
823 3881 883 3925 ιιι
916 3888 1100 3923 munus
1135 3873 1366 3937 fungaris
1395 3874 1579 3924 tuum!

523 3951 596 4001 Et
630 3950 683 3999 in
724 3949 990 3999 Asinaria:
1025 3951 1040 3976 ‘
1062 3949 1249 3997 Munus
1281 3950 1582 4000 adolescen-

523 4028 620 4079 tuli
647 4025 917 4089 Fuugare.'
948 4024 1192 4075 Aurelius.
1244 4090 1251 4095 ι

587 4104 745 4167 Atque
775 4101 856 4151 ubi·
892 4101 1093 4151 colonias
1124 4105 1580 4165 transgrederentur,

523 4182 706 4245 atrata]
768 4179 832 4229 Id
855 4185 953 4242 est,
992 4179 1147 4244 pullis
1179 4185 1237 4229 et
1272 4179 1577 4243 lugubribus

526 4257 754 4333 vestibus
768 4255 977 4321 amicta.
1040 4254 1208 4311 Plebis
1228 4255 1469 4322 antiquus
1490 4271 1581 4329 uo-

1202 388 1419 439 N’O'PAE
1462 389 1866 441 vammum
1910 391 2022 440 m-

1638 535 1912 585 minativus
1949 550 2043 600 pro
2081 534 2249 600 plebs.
2313 536 2539 589 m
2565 535 2712 603 qd·

1638 617 1727 674 tes,
1748 620 1805 660 ιιι
1843 628 1875 662 a
1912 612 2064 675 plebe
2098 613 2529 677 discernerentur,
2547 628 2700 678 poui-

1641 702 1859 751 pamque
1879 688 2019 737 illam
2044 689 2410 749 augustiorem,
2430 697 2484 737 et
2507 688 2696 754 majes-

1640 762 1761 811 tatis
1800 763 2083 824 pleniorem
2121 764 2418 814 redderent.
2457 766 2694 815 ,Muretus-

1640 838 1886 889 Qiiamvis
1921 838 1974 887 in
2012 839 2313 888 Germanici
2344 837 2527 889 funere
2558 840 2696 889 ‘tra-

1641 912 1781 962 beati
1803 913 2004 976 equites
2025 914 2392 974 incessissent,'
2410 928 2510 962 uon
2533 913 2604 962 ob
2638 911 2694 963 td

1640 996 1814 1038 tamen
1838 989 2181 1051 inferendum,
2206 993 2438 1039 trabeam
2459 988 2698 1039 funerale

1640 1066 1991 1115 indumentum
2029 1066 2288 1126 extitisse,
2322 1065 2413 1114 sed
2451 1066 2582 1115 bene
2619 1062 2699 1115 fa·

1641 1141 1840 1190 miliare
1877 1141 2136 1204 equitibus
2177 1144 2228 1190 in
2271 1141 2488 1204 publicis
2526 1141 2697 1190 solen-

1639 1217 1904 1266 nitatibus.
1941 1218 2098 1266 Μαι.
2136 1218 2372 1266 Dan-tu.
2441 1217 2698 1267 Existimo

1642 1301 1766 1342 tunc
1800 1291 2007 1342 trabeas
2042 1290 2199 1341 fuisse
2220 1300 2437 1354 stratas,
2456 1299 2513 1342 et
2533 1308 2604 1343 ex
2623 1295 2699 1343 ni-

1641 1382 1736 1431 gro
1757 1369 1952 1430 colore,
1973 1367 2065 1417 sed
2087 1368 2326 1418 babuisse
2353 1367 2566 1418 formam
2593 1374 2698 1419 tra·

1641 1443 1870 1502 beai-um,
1906 1459 2020 1509 quae
2055 1444 2363 1493 vestimenta
2400 1452 2550 1494 erant
2591 1440 2698 1508 pri·

1641 1535 1780 1571 mum
1817 1521 1977 1584 regia,
2000 1527 2186 1583 postea
2207 1520 2447 1569 militaria
2465 1526 2526 1569 et
2545 1533 2698 1583 pecu·

1643 1596 1794 1655 liaris
1831 1597 2086 1661 equitibus
2123 1597 2383 1655 Romanis,
2404 1611 2437 1646 a
2467 1596 2700 1647 trabibus

1641 1671 1854 1721 intextis
1894 1672 2232 1722 discoloribus
2270 1687 2337 1722 ex
2375 1687 2622 1737 purpura*
2642 1678 2700 1722 et

1643 1761 1819 1798 cocco.
1850 1747 2019 1797 Aurei.

1713 1822 1935 1873 mbos-12·
1967 1823 2170 1886 equites]
2233 1823 2264 1852 ⁶
2296 1823 2405 1872 lnae
2424 1822 2560 1872 enim
2584 1837 2700 1887 pro-

1644 1897 1773 1961 priae
1816 1898 2086 1962 equitum:
2141 1898 2286 1963 (nam
2328 1899 2704 1951 Gramniatieo-

1644 1986 1758 2021 rum
1808 1972 2019 2022 inventa
2069 1973 2154 2021 liic
2211 1987 2311 2021 uon
2365 1987 2555 2034 moror,
2609 1972 2702 2038 qui

1644 2047 1846 2098 faciunt
1879 2048 2039 2097 etiam
2069 2062 2269 2110 regum,
2304 2047 2510 2108 ducum,
2542 2062 2703 2111 augn-

1645 2140 1756 2175 rum
1776 2123 1816 2189 z)
1849 2128 1905 2174 et
1929 2124 2047 2175 ideo
2088 2123 2322 2173 Trubeuta
2357 2127 2567 2186 agminia,
2602 2124 2704 2187 ipsi

1646 2201 1846 2265 equites
1878 2201 2070 2260 Statio,
2091 2200 2143 2249 iu
2176 2200 2345 2263 Epulo
2378 2199 2700 2249 Domitiani:

1644 2276 1785 2327 ‘Hic
1818 2293 1934 2328 cum
1976 2277 2255 2326 Romuleos
2296 2288 2559 2338 proceres,
2601 2281 2705 2324 tra·

1646 2352 1902 2417 beataque
1924 2354 2097 2403 Caesar
2118 2351 2357 2414 Agmina,
2379 2351 2519 2399 mille
2551 2352 2705 2401 simul

1637 2429 1803 2492 jussit
1825 2428 2152 2479 discumbere
2191 2427 2412 2478 mensis!
2481 2428 2549 2476 Et
2568 2427 2624 2476 in
2649 2441 2702 2478 v.

1644 2503 1897 2553 Silvarum
1921 2503 1985 2552 ad
2009 2503 2323 2567 Crispinum:
2358 2517 2512 2568 quem
2534 2503 2703 2557 iocum

1644 2579 1809 2630 fusius
1825 2580 2133 2649 adscribam,
2145 2582 2265 2645 quia
2279 2580 2382 2635 mei
2404 2586 2523 2644 eget
2537 2596 2551 2629 ι
2573 2583 2590 2610 ‘
2601 2594 2706 2631 non

1652 2666 1704 2708 te
1727 2658 1883 2708 series
1907 2659 2155 2708 inhonora
2188 2666 2479 2724 parentum,
2501 2660 2706 2711 Obscu-

1648 2749 1760 2784 rum
1783 2734 2005 2798 proavis,
2026 2741 2080 2784 et
2104 2736 2289 2799 prisca
2315 2736 2444 2785 lucis
2465 2743 2706 2800 egentem

1648 2811 1864 2860 Plebeia
1884 2810 1951 2860 de
1970 2812 2135 2875 stirpe
2158 2813 2309 2861 tulit:
2343 2827 2442 2862 non
2459 2814 2707 2878 sanguine

1650 2895 1822 2937 cretus
1843 2889 2068 2937 Turmali
2091 2888 2338 2953 trabeque
2361 2904 2424 2939 ac
2456 2890 2628 2952 remis,
2651 2896 2711 2940 et

1651 2979 1882 3029 paupere
1920 2966 2072 3016 clavo
2113 2966 2395 3030 Augustam
2437 2966 2611 3017 sedem
2651 2973 2708 3016 et

1651 3040 1788 3089 Latii
1812 3042 2080 3105 penetrale
2111 3042 2334 3092 Senatus
2357 3041 2577 3093 Adveua
2599 3044 2715 3107 pul·

1650 3116 1801 3166 sasti:
1848 3117 1941 3167 sed
1986 3118 2316 3181 proecedente
2361 3125 2563 3168 tuorum
2600 3117 2707 3184 Ag·

1649 3193 1823 3243 mine!
1889 3194 2028 3245 Vere
2064 3197 2200 3246 enim
2225 3196 2464 3259 emendo,
2493 3210 2714 3246 masa·

1646 3270 1792 3331 giiiae
1827 3276 1981 3320 erem
2021 3272 2249 3334 firmali,
2266 3272 2514 3335 trabeaque
2552 3273 2711 3335 Beati,

1649 3361 1733 3395 nec
1749 3362 1955 3412 paupers
1978 3349 2132 3397 clavo.-
2167 3347 2217 3396 id
2257 3355 2356 3410 est,
2391 3350 2512 3399 Nou
2549 3354 2606 3398 tu
2643 3362 2711 3399 ex

1651 3421 1806 3483 plebe
1871 3429 2033 3484 satus,
2085 3422 2189 3472 imo
2255 3437 2353 3472 nec
2405 3437 2474 3472 ex
2528 3423 2710 3475 ordine

1651 3498 1907 3562 equestri;
1939 3512 2091 3562 quem
2120 3497 2309 3548 deinde
2331 3497 2582 3548 describit
2619 3498 2713 3549 tri·

1653 3572 1751 3623 bus
1776 3574 1931 3635 notis,
1956 3574 2159 3623 luxuria
2177 3587 2280 3625 non
2303 3573 2586 3624 indecora
2571 3588 2716 3638 Qe-

1652 3648 1747 3710 nii,
1775 3654 1834 3698 ut
1855 3648 2024 3698 solet
2010 3662 2064 3697 ιιι
2088 3648 2175 3698 illo
2200 3647 2374 3712 poeta.
2446 3649 2716 3699 Tum-ueni

1651 3724 1929 3786 κιιςιιιῖιιειιι
1964 3731 2150 3785 vocat;
2183 3725 2304 3789 quia
2327 3725 2552 3788 propriae
2575 3727 2718 3816 equi-

1656 3805 1765 3857 tum
1784 3801 2019 3849 Turium.
2060 3800 2288 3851 mum-
2321 3801 2481 3861 Rsmi,
2515 3802 2637 3865 quia
2675 3803 2716 3852 ii

1654 3877 1897 3938 trabeati,
1929 3879 2167 3940 exemplo
2202 3891 2409 3940 regum:
2445 3878 2716 3941 Papa-en

1653 3956 1857 4014 clavum,
1869 3952 1922 4001 id
1945 3959 2043 4015 est,
2057 3963 2330 4017 angustum
2350 3961 2404 4005 et
2421 3962 2610 4019 artum,
2628 3957 2720 4021 qui

1654 4029 1851 4078 ordinis
1867 4029 2137 4093 equestris.
2171 4030 2374 4092 Lipsius.

1726 4103 2006 4166 Vestem]*
2041 4102 2224 4167 virgil.
2246 4104 2298 4152 in
2318 4103 2503 4155 funere
2523 4107 2718 4158 Miseni

1653 4193 1733 4231 vi.
1755 4183 1871 4233 221.
1925 4179 2161 4229 Statius
2147 4193 2200 4228 ιιι
2222 4180 2374 4243 Epic.
2393 4182 2581 4233 Glaue.
2601 4187 2717 4235 1⁵9.

1657 4255 1817 4307 Silius
1838 4256 1875 4308 l.
1896 4255 2029 4307 ιλιι
2051 4253 2235 4313 funere
2256 4255 2316 4308 Ia·
2335 4257 2528 4309 AEaiilii
2549 4259 2723 4312 Paulli
