3050 4867
924 413 1170 466 ιιι-ι.
1218 413 1383 462 cu.
1422 396 1490 462 9.
1535 410 1975 464 Anusntnn.

325 566 359 606 ι
394 552 579 622 hpide
621 552 965 629 dissentiep,
1006 567 1134 608 vm.
1176 553 1405 606 nominat

329 628 471 678 Idus.
536 630 553 657 ⁸
581 629 800 692 θῆκαι-β
847 631 1038 695 inquit,
1088 632 1103 658 ‘
1127 631 1295 681 victor
1335 631 1401 681 ab

332 704 558 756 Oriente
602 707 829 767 rediens,
862 714 1107 756 octavum
1150 706 1275 758 Idus
1313 706 1403 757 Ja-

334 795 483 834 mr.
532 781 717 832 urbem
769 782 972 845 triplici
1017 783 1275 848 triumpho
1326 783 1403 832 in·

335 873 542 923 gressus
586 868 690 910 est.
756 859 880 909 Hoc
920 858 1004 909 die
1041 860 1258 924 primum
1295 859 1404 910 Au·

338 943 522 999 gustus
541 936 897 987 consalutatus
919 944 1031 987 est:
1068 944 1225 1002 atque
1254 951 1319 988 ex
1341 950 1405 988 ea

337 1010 423 1060 die
444 1027 647 1064 sumum
666 1027 837 1062 rerum
864 1027 926 1062 ac
962 1020 1278 1076 potestatum
1316 1028 1403 1077 pe-

337 1103 427 1140 nes
451 1103 609 1138 tinum
632 1103 746 1139 esse
769 1090 933 1154 coepit
955 1095 1011 1138 et
1032 1089 1243 1151 mansit,
1262 1089 1402 1155 quod

338 1162 515 1214 Graeci
553 1163 823 1228 μοναρχίαι
862 1164 1090 1215 vocant!
1176 1165 1403 1230 Longius

341 1240 547 1290 recedit
595 1241 930 1304 Censorinus,
970 1241 1059 1307 qui
1116 1240 1291 1305 rejicit
1350 1241 1404 1289 in

342 1328 461 1367 ιη.
496 1316 621 1365 Kal.
666 1315 822 1368 Febr.
879 1319 895 1345 ⁴
922 1316 1060 1366 Ante
1103 1314 1276 1378 diem,’
1327 1316 1405 1365 in·

341 1394 475 1456 quit,
526 1393 542 1419 ‘
570 1405 686 1444 xv1.
726 1393 851 1443 Kal.
905 1393 1062 1444 Febr.
1119 1393 1179 1443 C.
1235 1392 1405 1445 Julius

341 1467 522 1516 Caesar
585 1466 905 1518 Divi'filius
960 1467 1094 1532 Imp.
1141 1470 1404 1532 Augustus

341 1541 605 1592 sententia
640 1543 864 1593 Munatii
888 1543 1071 1594 Planci
1091 1543 1264 1596 dictus
1285 1543 1403 1593 est!

342 1617 567 1686 Ovidius
621 1619 749 1668 Idus
815 1618 1086 1669 dumtaxat
1138 1618 1401 1668 nominat:

338 1697 354 1722 ‘
376 1696 557 1746 Idibus
595 1697 648 1746 in
682 1696 856 1759 magni
896 1701 1070 1745 custos
1107 1695 1256 1746 Jovis
1289 1695 1405 1745 aede

340 1772 587 1828 sacerdos
626 1772 919 1821 Semimaris
956 1770 1171 1822 flammis
1203 1774 1407 1824 viscera

341 1841 471 1898 libat
492 1849 618 1897 ovis.
671 1846 1004 1912 Redditaque
1026 1855 1107 1897 est
1128 1847 1292 1897 omnis
1312 1863 1403 1911 po·

340 1926 464 1989 pulo
498 1925 765 1990 provincia
802 1931 1004 1976 nostro:
1041 1925 1111 1974 Et
1152 1931 1269 1976 tuus
1300 1923 1404 1974 Au-

345 2011 495 2064 gusto
514 2003 719 2053 nomine
742 2001 919 2052 dictus
941 2000 1099 2052 avus.⁹
1150 2001 1258 2052 Sed
1277 2002 1406 2067 lapi·

342 2078 461 2128 dem
483 2094 582 2144 ego
603 2079 764 2129 credo
783 2092 963 2128 verum
983 2078 1178 2130 dicere.
1241 2079 1405 2129 Tertii

343 2155 567 2221 denique
611 2155 955 2206 numerabant
996 2169 1029 2204 a
1071 2155 1236 2219 primo
1288 2155 1403 2219 ejus

342 2233 641 2283 consulatu:
676 2232 883 2282 scilicet
905 2232 1028 2297 quia
1049 2232 1091 2280 is
1121 2230 1313 2294 gradus
1348 2238 1405 2282 et

344 2309 519 2360 aditus
554 2309 621 2358 ad
662 2308 889 2373 reliquos
928 2307 1162 2357 bonores.
1230 2306 1406 2358 lsfuit

342 2397 464 2435 ιη’.
498 2384 619 2434 Kal.
664 2384 1016 2449 Septembres.
1085 2384 1213 2434 Eam
1250 2386 1406 2435 ratio·

342 2475 462 2512 nem
484 2467 695 2511 secutus
711 2467 792 2511 est
811 2460 1125 2525 quicumque
1141 2460 1228 2510 ille
1250 2462 1407 2526 scrip-

345 2545 431 2588 tor
466 2534 534 2585 de
574 2536 765 2585 caussis
797 2542 1058 2600 corrupta
1081 2536 1408 2601 eloquentie,

346 2613 437 2678 qui
474 2613 803 2677 imperitasse
827 2613 1115 2677 Augustum
1151 2613 1227 2662 ait
1260 2615 1404 2663 annis

349 2700 465 2738 ινι.
487 2687 701 2739 fallente
724 2702 958 2751 numero,
976 2687 1071 2738 nisi
1092 2688 1157 2738 ad
1178 2689 1309 2738 lianc
1326 2703 1405 2738 ra·

348 2763 558 2814 tionem.
626 2765 798 2816 Quam
832 2764 994 2827 ipsam
1030 2763 1194 2814 secuti
1214 2764 1407 2814 curiosi

348 2841 454 2904 isti.
478 2842 565 2906 qui
586 2841 790 2891 initium
818 2840 1027 2905 imperii
1047 2849 1104 2892 et
1124 2840 1278 2893 finem
1299 2841 1405 2892 Au-

348 2918 485 2988 gusti
511 2918 629 2967 vitae
652 2917 705 2965 in
729 2916 969 2967 eumdem
996 2917 1150 2981 diem,
1171 2918 1405 2969 miraculi

344 3007 551 3054 caussa,
581 2990 939 3042 conferebant.
1001 2993 1136 3043 Satis
1174 2992 1313 3044 dixi:
1349 3001 1406 3046 tu

350 3067 435 3120 abi
459 3068 593 3117 liber
614 3075 669 3119 et
689 3067 989 3132 expeditus.
1018 3070 1228 3134 Limia.

412 3144 609 3206 Δαεικι·
657 3147 890 3207 quondm
941 3145 1128 3209 iuva-ii
1162 3146 1407 3211 nri-cert]

349 3220 513 3273 Quasi
544 3234 702 3270 causa
745 3221 850 3270 ulla
886 3220 1046 3272 fuerit
1081 3237 1176 3273 cur
1215 3238 1278 3273 eo
1318 3223 1407 3274 die

348 3297 478 3346 mori
497 3311 596 3345 non
620 3295 872 3356 deberet;
908 3303 1001 3347 aut
1032 3299 1319 3350 mirandum
1339 3300 1407 3350 sit

350 3372 455 3422 ullo
477 3372 561 3421 die
586 3372 841 3435 evenisse,
875 3373 1010 3437 quod
1033 3375 1171 3424 nullo
1192 3389 1294 3424 nou
1318 3390 1408 3439 po-

352 3455 510 3500 terat.
576 3448 771 3498 Eodem
799 3448 924 3512 jure
954 3448 1123 3499 mirari
1146 3459 1406 3514 poterant,

352 3524 491 3590 quod
517 3526 782 3588 Augustus
804 3525 1044 3588 Augusto
1079 3540 1253 3576 mense
1275 3542 1409 3577 mor-

352 3609 471 3650 tuus
494 3599 663 3650 foret:
686 3601 817 3651 obiit
837 3601 977 3650 enim
1001 3614 1118 3652 xiv.
1150 3603 1271 3654 Kal.
1283 3605 1410 3668 Sep-

349 3678 594 3728 te-bris:
629 3685 687 3727 et
708 3677 845 3743 quod
870 3692 972 3727 non
1005 3680 1236 3743 paullum
1254 3681 1410 3730 etiam

348 3761 725 3817 exspectasset,
736 3761 797 3803 ut
815 3767 994 3803 mense
1010 3755 1300 3819 Septembri
1324 3771 1410 3808 ua-

350 3837 435 3880 tus
469 3829 651 3880 eodem
677 3844 857 3879 mense
880 3839 1195 3880 moreretur:
1233 3837 1291 3880 ut
1310 3831 1410 3881 hoc

349 3921 553 3971 queque
570 3904 858 3955 referretur
873 3903 1012 3953 inter
1027 3905 1271 3956 miranda.
1305 3906 1411 3957 Ast-

350 3983 599 4034 mirabilis
641 3982 811 4032 videri
854 3989 1080 4045 poterat,
1121 3984 1258 4049 quod
1295 3999 1411 4035 cum

351 4061 553 4112 Quirini
592 4060 845 4122 templum
886 4057 1175 4123 dedicaret,
1210 4066 1416 4124 septus·

350 4139 493 4203 ginta
528 4153 620 4190 sex
660 4138 920 4188 columnis
961 4136 1084 4186 illud
1129 4139 1413 4200 ornaverit,

350 4214 496 4280 quasi
513 4214 737 4265 totidem
760 4226 819 4262 se
841 4225 1003 4261 annos
1025 4212 1279 4265 victurum
1303 4229 1416 4265 esse

348 4291 602 4342 divinans.
667 4287 776 4338 Sed
814 4285 1089 4342 admiratio
1109 4289 1163 4342 ’tu
1197 4289 1307 4341 aliis
1338 4305 1416 4344 sa-

2358 393 2556 480 &mi

1476 551 1689 617 pientiae
1709 551 1932 615 initium,
1955 551 2008 602 in
2040 550 2156 606 aliis
2188 550 2427 620 stultitip
2460 551 2555 620 inu,

1475 628 1669 677 dicium
1691 633 1790 678 est.
1825 628 2063 677 Muretus.

1540 708 1680 757 Noloe
1720 706 1772 755 in
1809 708 1942 756 domo
1982 711 2030 755 et
2072 705 2303 770 cubiculo]
2362 706 2538 758 Stulte

1476 782 1794 834 mirabantur
1840 790 2062 846 tempus,
2101 781 2306 831 stultius
2349 781 2537 834 locum.

1478 857 1618 908 Quid
1657 857 1794 907 enim
1834 856 1996 908 babet
2035 857 2407 919 admirationis,
2435 871 2552 928 quo:

1476 934 1532 984 in
1555 932 1794 984 cubiculo
1817 939 2048 984 mortuus
2072 935 2143 983 sit
2176 941 2344 998 pater,
2375 933 2430 982 in
2451 948 2539 986 eo·

1476 1009 1598 1060 dem
1651 1008 1812 1060 filium
1861 1009 2026 1060 mori?
2111 1009 2258 1059 Idem
2304 1010 2539 1074 quotidie

1476 1087 1653 1136 multis
1697 1087 1889 1138 evcnit.
1958 1085 2064 1136 Ubi
2106 1086 2242 1136 euim
2279 1101 2538 1152 quemque

1476 1161 1824 1226 deprehendit
1862 1176 2016 1225 mors,
2038 1162 2111 1212 ibi
2135 1161 2182 1211 ei
2224 1177 2402 1212 manus
2424 1161 2542 1227 inji-

1477 1239 1573 1300 cit,
1608 1252 1773 1304 neque
1811 1246 2106 1303 exspectat,
2144 1239 2265 1289 dum
2306 1237 2360 1288 in
2394 1238 2538 1290 aliud

1477 1316 1771 1366 cubiculum
1795 1313 2156 1386 transferatur.
2190 1316 2344 1368 Idem.

1547 1392 1781 1442 Numerus
1800 1392 1946 1442 etiam
1969 1390 2313 1456 consumtum]
2376 1391 2540 1444 Tertii

1478 1465 1669 1517 decimi
1689 1468 1985 1518 consulatus
2009 1468 2258 1520 memoria
2286 1475 2460 1520 exstat
2482 1476 2541 1520 et

1478 1542 1534 1592 in
1558 1543 1725 1593 veteri
1763 1543 1983 1608 quadam
2024 1537 2360 1608 inscriptione
2397 1544 2540 1609 apud

1480 1619 1772 1669 Fanestres.
1841 1619 1947 1669 Hic
1972 1619 2202 1685 quidam,
2235 1622 2323 1686 qui
2344 1620 2542 1672 scholia

1480 1696 1690 1760 scripsit
1713 1697 1764 1745 in
1785 1697 2040 1760 Tacitum,
2060 1697 2240 1762 inepte
2273 1698 2351 1747 ait
2365 1699 2462 1748 hac
2485 1698 2542 1748 in

1480 1787 1538 1822 re
1560 1773 1785 1823 Dionem
1808 1787 1839 1821 a
1859 1774 2040 1823 Tacito
2075 1780 2134 1823 et
2167 1773 2413 1824 Suetonio
2435 1774 2537 1824 dis·

1479 1849 1691 1898 sentire.
1724 1848 1906 1900 Tribui
1921 1850 2058 1900 euim
2074 1848 2309 1913 Augusto
2323 1864 2354 1898 a
2371 1849 2541 1902 Dione

1479 1924 1639 1974 etiam
1673 1925 2172 1990 quartumdecimum
2198 1925 2542 1990 consulatum,

1478 2014 1631 2065 quem
1655 2001 1873 2064 gesserit
1895 2016 2010 2050 cum
2036 2002 2095 2051 L.
2121 2000 2327 2050 AEmilio
2350 1999 2539 2051 Paullo

1479 2091 1614 2127 anuo
1652 2077 1718 2128 ab
1761 2090 1885 2127 mc.
1909 2082 2026 2129 746.
2094 2078 2276 2142 Neque
2313 2077 2541 2127 animad-

1479 2154 1658 2218 vertit,
1689 2169 1790 2205 non
1814 2153 2108 2219 Augustum
2144 2155 2311 2219 ipsum
2346 2169 2544 2217 senem,

1478 2231 1569 2282 sed
1625 2232 1804 2282 Caium
1855 2231 2104 2297 Agrippa
2158 2232 2338 2296 filium,
2385 2247 2542 2299 quem

1442 2359 1454 2370 ,
1478 2310 1825 2373 adoptaverat
1845 2310 2134 2375 Augustus,
2153 2311 2244 2361 illo
2266 2324 2400 2361 auno
2421 2325 2544 2362 con·

1477 2386 1641 2435 sulem
1663 2384 1843 2437 fuisse.
1909 2385 2066 2436 Hunc
2083 2388 2132 2437 ei
2157 2384 2379 2436 fortasse
2402 2401 2543 2436 erro-

1479 2477 1589 2512 rem
1626 2461 1819 2528 objccit
1859 2462 2150 2526 Xylander,
2183 2461 2274 2528 qui
2312 2462 2541 2512 Dionem

1480 2545 1686 2587 vertens
1710 2538 1906 2601 primus
1928 2537 1994 2586 ad
2033 2537 2177 2586 illum
2200 2535 2426 2601 lapidem
2447 2536 2541 2586 im·

1482 2615 1645 2678 pegit.
1713 2613 1849 2664 Nam
1895 2627 2009 2663 cum
2055 2613 2245 2663 Groece
2283 2605 2448 2676 esse't,
2486 2618 2541 2664 Γ.

1477 2685 1756 2750 Αὐγούστου
1776 2686 1888 2752 υἱὸς,
1918 2687 2014 2738 nisi
2035 2688 2173 2753 quod
2193 2689 2381 2739 leviter
2403 2703 2544 2744 erra-

1481 2773 1630 2816 verat
1670 2764 1931 2826 librarius,
1966 2764 2352 2830 scripseratque
2387 2764 2543 2827 Αὺγν-

1479 2841 1687 2892 στόστου
1721 2857 1817 2907 pro
1837 2840 2133 2906 Αὐγούστου,
2165 2843 2280 2908 ipse
2305 2845 2545 2894 Coesurem

1479 2921 1754 2981 Angustum
1796 2920 1957 2970 vertit
1994 2927 2053 2972 et
2093 2919 2160 2971 de
2203 2935 2300 2970 suo
2336 2919 2545 2971 addidit

1480 3007 1599 3045 nv.
1633 2994 1784 3044 Idem.
2280 3028 2288 3037 ·

1548 3070 1739 3120 Pietate
1760 3085 1873 3132 erga
1890 3070 2155 3135 parentem]
2181 3072 2242 3122 C.
2262 3073 2544 3138 Caesarem,

1480 3147 1626 3209 cujus
1646 3152 1865 3195 mortem
1906 3147 2122 3196 inultam
2163 3146 2427 3210 praeteriri
2455 3161 2545 3199 ue·

1481 3220 1563 3271 sas
1585 3229 1718 3271 erat.
1758 3221 1908 3271 Idem·

1548 3298 1906 3350 Noeeoeitudine
1947 3296 2093 3363 reip]
2144 3296 2292 3349 Infra
2334 3298 2425 3352 lib.
2466 3314 2544 3353 lv.

1481 3372 1502 3404 ⁸
1517 3373 1801 3425 secundum
1823 3375 2260 3426 necessitudinem
2282 3377 2412 3442 legis
2431 3382 2462 3428 ι’
2486 3384 2546 3429 et

1481 3452 1518 3500 1.
1544 3465 1595 3499 v.
1632 3449 1649 3478 ‘
1675 3463 1836 3514 seque
1872 3464 1935 3499 ea
1975 3451 2360 3502 necessitudine
2390 3451 2546 3518 cogi,'

1484 3527 1620 3578 dixit
1640 3541 1737 3592 pro
1758 3528 2103 3591 necessitate3
2136 3535 2197 3578 ut
2221 3544 2287 3581 ex
2321 3530 2437 3582 aliis
2456 3530 2548 3582 ob·

1480 3611 1741 3654 servatum
1785 3602 1994 3669 Agellio
2039 3605 2285 3656 Noctium
2325 3619 2457 3658 xm.
2495 3612 2550 3661 3.

1492 3678 1787 3730 Vero-auius.

1551 3755 1729 3804 Nullas
1764 3761 1878 3805 tm
1913 3755 2117 3819 leg-ibus]
2147 3757 2359 3810 Judicia
2390 3758 2550 3825 emm,

1486 3838 1547 3881 ut
1586 3830 1783 3881 dictum
1820 3838 1922 3892 est,
1965 3831 2313 3884 turbabantur
2350 3833 2421 3898 vi,
2442 3849 2550 3888 sm·

1486 3906 1621 3969 bitu,
1641 3906 1878 3970 pecunia.
1925 3907 2161 3958 Muretus.

1557 3982 1624 4031 Ut
1656 3980 1982 4042 interfectores
2012 3982 2192 4047 patris]
2221 3982 2310 4033 Sic
2343 3983 2553 4035 Rhena-

1488 4074 1600 4108 nus.
1665 4058 1766 4107 Sed
1790 4072 1905 4108 cum
1933 4060 2032 4107 Ms.
2064 4058 2255 4110 babeat
2282 4065 2411 4120 tunc,
2432 4073 2553 4124 pro·

1488 4137 1606 4203 pius
1646 4142 1703 4185 et
1738 4136 1910 4186 verius
1943 4137 2065 4187 mihi
2101 4137 2265 4187 visum
2304 4144 2386 4187 est
2419 4137 2554 4194 dum.

1490 4212 1736 4264 Picbena.
2515 4243 2522 4248 -

1560 4290 1671 4342 Non
1710 4303 1855 4356 regno
1890 4303 2036 4356 neque
2065 4287 2331 4352 dictatura]
2363 4287 2394 4318 ⁸
2428 4285 2552 4339 Pul-
