3050 4867
534 380 712 449 3854

536 542 801 607 provincia
832 543 1197 592 constitutam:
1232 556 1403 606 neque
1436 542 1600 591 solum

536 620 628 668 illa
648 621 887 668 itinerum
909 627 1063 685 atque
1085 634 1341 681 agrorum,
1363 618 1453 667 sed
1474 620 1601 666 mul-

536 701 594 745 to
618 697 775 745 etiam
799 697 962 759 plura,
987 704 1041 745 ct
1060 697 1252 760 majora
1275 696 1601 759 oppidorum,

537 779 591 822 et
632 770 864 824 fanorum
906 773 1043 821 furta
1083 779 1138 822 et
1174 773 1450 822 latrocinia
1485 787 1599 821 esse

536 846 793 911 depulsa.’
838 850 981 898 Fam.
1006 850 1104 913 Ep.
1130 850 1218 899 lib.
1243 863 1328 899 ιιι.
1364 855 1410 898 l.
1445 849 1461 877 ⁶
1486 851 1600 912 Ego

535 931 728 985 autem,
777 939 892 973 cum
938 926 1036 974 hoc
1081 926 1440 988 suscepissem,
1495 940 1598 974 non

526 999 751 1062 justitia,
790 1001 879 1047 sed
921 1000 1078 1049 etiam
1116 1001 1471 1049 misericordia
1509 999 1598 1049 ad-

533 1073 737 1136 ductus,
768 1083 826 1124 ut
862 1077 1085 1125 levarem
1116 1077 1338 1126 miseriis
1365 1076 1600 1140 perditas

532 1150 794 1215 civitates,
809 1160 863 1201 et
879 1153 1109 1216 perditas
1130 1154 1352 1203 maxime
1377 1168 1473 1217 per
1490 1169 1605 1204 ma·

533 1227 778 1290 gistratus
790 1244 1037 1290 suos,non
1055 1232 1202 1295 potui
1220 1234 1270 1281 in
1284 1234 1372 1282 illo
1390 1240 1600 1298 sumptu

532 1318 633 1355 non
653 1308 942 1356 necessario
961 1309 1222 1372 negligens
1242 1310 1393 1360 esse.⁹
1428 1313 1597 1375 Epist.

534 1383 598 1432 ad
622 1382 789 1433 Attic.
815 1399 889 1435 vt.
907 1391 957 1434 2.
1022 1389 1036 1414 ⁴
1066 1387 1332 1437 Mirabilia
1363 1389 1598 1454 quaedam

530 1458 827 1509 effecimus:
863 1462 939 1511 ita
973 1464 1149 1512 multa:
1184 1464 1425 1514 civitates
1459 1467 1598 1515 omni

531 1549 634 1586 aere
658 1536 825 1586 alieno
848 1538 1100 1601 liberatae,
1135 1540 1314 1590 multae
1337 1540 1486 1589 valde
1524 1542 1598 1591 le-

530 1619 668 1662 vatae
694 1619 842 1662 sunt:
879 1629 1056 1664 omues
1078 1617 1183 1664 suis
1224 1617 1424 1680 legibus
1445 1624 1501 1668 et
1514 1619 1598 1681 jn-

531 1688 680 1739 diciis
704 1704 832 1752 nsae,
856 1691 1135 1753 αὐτονομίαν
1158 1693 1386 1758 adeptae,
1426 1694 1596 1743 revix-

531 1772 702 1827 erunt,
719 1769 817 1816 Ere.
886 1767 1025 1816 Mira
1047 1774 1199 1817 erant
1220 1768 1271 1816 in
1296 1765 1595 1820 civitatibus

529 1840 760 1902 ipsorum
780 1839 919 1891 furta
937 1843 1261 1905 Graecornm,
1278 1859 1393 1908 quae
1412 1844 1597 1907 magis-

533 1922 695 1965 tratus
721 1917 797 1966 sui
824 1915 1096 1986 fecerant:
1154 1919 1366 1982 quaesivi
1392 1921 1505 1983 ipse
1531 1919 1596 1968 de

529 1990 609 2049 iis,
641 1991 727 2054 qui
752 1991 1102 2054 annigdecem
1124 1993 1383 2056 proximis
1414 1996 1596 2057 magis-

529 2071 723 2116 tratum
746 2074 1041 2132 gesserant:
1065 2074 1247 2132 aperte
1266 2066 1595 2121 fatebantur:

530 2141 704 2206 itaque
746 2144 855 2192 sine
902 2144 1005 2193 ulla
1037 2144 1315 2206 ignominia
1355 2146 1461 2193 suis
1502 2146 1596 2194 hu·

529 2218 681 2265 meris
721 2219 971 2280 pecunias
1018 2219 1223 2282 populis
1268 2219 1596 2270 retulerunt!

529 2293 835 2358 Quanquam
854 2301 908 2343 et
926 2309 1027 2344 vox
1046 2294 1409 2356 magistratuum
1432 2296 1598 2345 Roma

527 2368 709 2418 missos
745 2369 1021 2433 complecti
1056 2369 1236 2434 possit.
1273 2369 1371 2434 Ep.
1393 2373 1455 2419 ad
1481 2369 1597 2422 Att.

530 2457 580 2496 ν.
602 2450 683 2496 20.
720 2451 735 2476 ⁸
763 2447 1070 2497 Laodiceam
1103 2448 1269 2511 pridie
1294 2449 1414 2499 Kal.
1450 2451 1596 2500 Sext.

528 2523 786 2572 venimus:
812 2523 879 2572 ibi
903 2522 1088 2572 morati
1114 2523 1343 2587 biduum,
1362 2526 1596 2588 perillus·

527 2605 636 2649 tres
697 2598 907 2662 fuimus,
964 2599 1365 2665 honorificisque
1419 2601 1594 2652 verbis

526 2688 699 2724 omnes
723 2675 934 2738 injurias
952 2675 1244 2726 revellimus
1268 2676 1592 2740 superiores?

530 2749 817 2799 Gronovius.

591 2824 757 2885 Igitur
777 2826 962 2888 aliaque
983 2841 1086 2890 quae
1115 2826 1212 2889 ibi]
1248 2824 1487 2876 Arbitror
1508 2828 1594 2878 hic

523 2917 553 2952 a
571 2904 781 2953 librario
795 2903 988 2954 factam
1010 2906 1482 2969 transpositionem.
1518 2908 1595 2956 Ut

524 2977 701 3030 forsan
741 2981 817 3040 sic
856 2980 1131 3045 scripserit
1163 2983 1398 3031 Tacitus:
1433 2982 1595 3047 Atque

522 3056 656 3106 ium
697 3058 751 3107 in
791 3072 1009 3120 regressu
1057 3073 1196 3108 sacra
1239 3056 1594 3109 Samothracum

522 3131 674 3181 visere
718 3132 965 3196 nitentem,
1022 3133 1206 3197 aliaque
1249 3133 1318 3182 ibi
1361 3133 1593 3183 eat-ietutc

510 3206 727 3269 fortuna·
749 3216 799 3259 et
817 3211 969 3259 nostri
1000 3210 1188 3271 orig-ine
1210 3212 1491 3273 cenanda,
1512 3209 1593 3258 ob-

522 3286 590 3334 vii
634 3285 875 3350 aquilones
912 3287 1143 3348 deputet-e.
1214 3287 1380 3349 Itaque
1421 3285 1594 3349 relegit

520 3361 707 3424 Asiam,
749 3363 1031 3426 appellitqne
1070 3362 1354 3424 Colophona.
1437 3363 1593 3422 Nam,

521 3449 641 3499 que,
666 3436 940 3486 relativum
964 3449 1248 3500 pronomen
1273 3436 1480 3486 videtur
1501 3438 1591 3486 mi·

521 3512 572 3561 hl
594 3527 797 3562 vacare.
865 3511 994 3562 Ideo
1015 3527 1134 3561 vero
1158 3512 1311 3575 dixit,
1328 3514 1479 3561 nostri
1499 3513 1593 3561 ori-

517 3588 633 3650 gine
656 3588 933 3649 veneranda,
972 3587 1111 3651 quod
1150 3587 1336 3636 AEueas
1374 3594 1591 3651 propter

523 3662 718 3711 oraculi
749 3676 1087 3726 responsum;
1134 3662 1398 3725 Antiquam
1428 3664 1592 3726 exqui-

521 3738 617 3788 rite
654 3744 870 3799 matrem,
915 3753 1070 3804 quum
1111 3739 1318 3788 Italiam
1362 3745 1591 3803 peteret,

520 3814 788 3881 profectus
811 3815 876 3865 ad
899 3815 1191 3878 'l'liraciam,
1228 3816 1588 3866 Samothracas

520 3890 644 3940 deos
667 3892 957 3954 sustulerit,
996 3898 1052 3941 et
1085 3892 1361 3956 pertulerit
1396 3907 1591 3955 secum,

520 3977 736 4032 propter
755 3969 1001 4032 originem
1023 3971 1219 4020 matris.
1255 3969 1453 4019 Auctor
1470 3971 1589 4020 Ser·

519 4045 654 4106 vius,
686 4059 950 4109 exponens
977 4044 1101 4094 illud
1123 4046 1356 4095 Maronis
1379 4060 1588 4095 carmen

521 4117 767 4169 AEueidos
806 4122 844 4169 l.
878 4133 981 4171 vn.
1023 4121 1291 4171 Rhenum.
1358 4120 1589 4170 Faernus

519 4193 693 4245 locum
716 4195 848 4245 liunc
890 4197 1144 4258 mutilum,
1179 4196 1586 4261 mendosumque

520 4269 597 4320 ita
629 4272 892 4322 veteribus
925 4273 1067 4322 libris
1104 4273 1313 4335 adjutus
1346 4275 1587 4324 restitue-

520 4346 644 4398 bat:
679 4347 844 4412 Igitur
864 4349 1027 4414 Iti-m,
1059 4352 1245 4415 aliaque
1266 4349 1335 4399 tbi
1356 4351 1587 4402 ωνίειαίε

1196 367 1211 380 “
1240 395 1457 448 κοτε,
1505 396 1913 447 vammum
1963 398 2041 447 ιιι

1665 539 1895 600 sortnnae,
1916 546 1964 590 et
1987 540 2138 590 nostri
2157 542 2341 603 orig-ine
2360 541 2621 591 manda
2631 557 2742 591 eum

1674 618 1955 678 aspexisset,
1989 618 2160 679 relegit
2190 618 2374 680 Asiam,
2396 621 2477 681 &a
2511 618 2742 668 Ursinus.

1676 692 1940 741 Emendo:
1976 694 2134 756 Atque
2167 692 2313 742 Iliun:
2340 694 2392 742 in
2424 707 2653 754 regressu,
2693 697 2742 741 et

1674 783 1810 817 sacru
1827 770 2200 820 Samothracum.
2250 771 2415 822 Recte
2431 772 2565 820 enim
2583 770 2740 819 Ilium

1673 845 1727 894 in
1771 861 2005 908 regressu
2047 851 2190 912 prius
2233 848 2416 897 habuit
2455 848 2743 911 objectum,

1674 920 1797 971 dein
1836 923 2257 975 Samothraciam.
2302 927 2509 975 Colerus.
2577 925 2741 990 Aspe-

1675 998 1803 1048 ritas
1838 1001 2225 1064 compositionis
2259 1001 2601 1064 magnitudini
2635 1016 2740 1051 non

1676 1089 1855 1138 parum
1875 1076 2113 1127 inservit:
2142 1078 2298 1141 ὥσπερ
2314 1077 2409 1140 γὰρ
2424 1075 2570 1138 ὄνομα
2583 1075 2741 1141 τραχὺ

1671 1149 1870 1215 μέγεθος
1889 1151 2159 1216 ἐργάζεται,
2181 1154 2301 1203 οὕτω
2322 1151 2550 1205 σύνθεσις.
2599 1155 2740 1205 Hinc

1675 1229 1813 1292 apud
1835 1230 2190 1295 Thucydidem
2224 1231 2528 1294 compositio
2559 1229 2739 1293 τραχύ-

1672 1321 1814 1363 τητος
1834 1303 1952 1355 οὖσα
1971 1306 2143 1370 μεστὴ,
2167 1307 2246 1357 καὶ
2266 1306 2570 1370 :inefficax-li.
2621 1310 2739 1359 Qua

1672 1379 1740 1429 de
1778 1395 1834 1429 re
1872 1382 2129 1431 neminem
2167 1382 2341 1445 audio,
2377 1384 2458 1431 cui
2499 1383 2610 1432 sine
2642 1397 2738 1447 spe

1671 1459 2018 1508 restitutionis
2031 1459 2144 1509 haec
2161 1460 2432 1524 deplorata
2446 1469 2566 1510 sunt
2582 1476 2594 1508 :
2621 1473 2739 1509 nos-

1671 1539 1751 1583 ter
1804 1535 1941 1584 enim
1995 1536 2257 1600 asperavit
2313 1536 2736 1599 compositionem

1669 1609 2037 1674 magnitudinis
2076 1610 2265 1672 gratia,
2303 1610 2440 1675 qnod
2474 1605 2738 1674 Thucydi·

1670 1684 1782 1750 des,
1798 1693 1853 1736 ct
1877 1686 2306 1750 ὑπερβατυεότερον
2326 1685 2468 1737 fecit.
2501 1688 2598 1736 Vel
2618 1701 2736 1736 cum

1669 1760 1971 1812 doctissimo
1991 1762 2104 1812 viro
2135 1764 2386 1822 restitue;
2421 1764 2585 1825 Igitur
2622 1766 2739 1814 rele-

1665 1837 1746 1898 git
1766 1838 1953 1902 Asicius,
1968 1840 2170 1904 aliaque,
2187 1856 2289 1902 quae
2311 1838 2379 1887 ibi
2395 1839 2739 1898 varietatesor-

1668 1919 1797 1964 tnnoe
1818 1920 1866 1963 et
1887 1916 2038 1964 nostr-i
2059 1915 2242 1977 origine
2263 1917 2541 1964 veneram«.
2581 1914 2736 1964 Nunc

1670 2005 2036 2041 recenseamus
2108 1990 2404 2041 Germanici
2480 1991 2736 2055 navigati-

1669 2080 1840 2128 onem,
1877 2072 1937 2115 nt
1959 2081 2041 2115 res
2064 2079 2238 2116 omues
2273 2066 2434 2129 magis
2460 2064 2511 2114 in
2549 2071 2736 2129 aperto

1671 2141 1758 2191 sit.
1799 2141 1854 2190 Is
1874 2141 1940 2191 ab
1960 2142 2135 2205 AEgaeo
2159 2141 2291 2204 petit
2321 2140 2740 2204 Hellespontum,

1667 2217 1895 2282 litusque
1917 2215 2089 2281 Abydi
2111 2216 2396 2267 Asiaticum
2414 2216 2554 2280 prius
2573 2219 2738 2280 veuit,

1670 2298 1729 2341 nt
1765 2292 1957 2343 viseret
1995 2293 2109 2342 loca
2131 2293 2385 2356 Trojana:
2420 2293 2643 2358 indeque
2669 2294 2735 2343 ad

1671 2368 1811 2417 aliud
1833 2367 2062 2432 vehitur,
2085 2369 2173 2418 ubi
2198 2373 2376 2419 Sestos
2401 2378 2536 2432 erat,
2561 2371 2737 2435 ibique

1669 2443 1779 2494 adit
1802 2445 2114 2507 Byzantium
2150 2452 2206 2494 et
2240 2444 2580 2507 Perinthum;
2612 2459 2735 2496 mox

1670 2519 1831 2569 intrat
1887 2521 2284 2584 Propontidem,
2353 2530 2409 2572 et
2479 2522 2736 2573 Euxinum

1671 2595 1928 2645 Pontum:
1953 2605 2132 2661 postea
2149 2604 2415 2647 revertens
2433 2605 2486 2647 et
2503 2598 2735 2662 AEgaeum

1670 2687 1852 2723 secans
1891 2687 2068 2724 versus
2108 2674 2538 2736 Samothraciam,
2576 2685 2734 2725 vento

1609 2811 1614 2816 ψ
1670 2748 1889 2799 reflante
1926 2750 1990 2799 ad
2035 2750 2214 2800 eadem
2259 2749 2394 2800 Asia·
2435 2751 2589 2801 litora
2620 2752 2733 2816 jam

1667 2825 1765 2874 sibi
1809 2825 1922 2875 visa
1966 2826 2230 2889 rejicitur:
2290 2826 2570 2876 secundum
2617 2842 2733 2890 quae

1669 2901 1969 2967 Colophona
1986 2902 2176 2964 tendit,
2193 2904 2305 2952 ltaec
2322 2901 2493 2951 omnia
2508 2902 2734 2952 Tacitus.

1668 2976 1742 3028 At
1764 2994 1893 3043 opus
1924 2980 2178 3028 inhaerere
2204 2978 2394 3039 verbis,
2426 2993 2541 3042 quae
2571 2991 2736 3043 pra’g·

1667 3055 1844 3106 nantia
1884 3070 2023 3119 saepe
2062 3054 2280 3104 scribit:
2324 3055 2516 3115 Relegn
2549 3056 2737 3118 Asiam,

1670 3138 1729 3178 ut
1749 3130 2015 3194 Virgilius,
2049 3129 2065 3156 ‘
2090 3132 2321 3192 relegens
2343 3137 2518 3179 errata
2542 3137 2734 3180 retror-

1666 3221 1779 3256 sum
1805 3207 2039 3258 Littora.’
2106 3207 2261 3256 Ilium
2288 3223 2407 3257 vero
2432 3208 2602 3256 sciunt
2626 3222 2734 3258 om·

1667 3296 1777 3344 nes,
1796 3283 2138 3332 Romanorum
2159 3281 2406 3344 originem
2433 3282 2611 3342 fuisse,
2634 3281 2735 3332 for-

1668 3364 1911 3422 tunoeque
1931 3358 2180 3408 variantis
2220 3359 2417 3421 insigne
2455 3359 2731 3409 documen-

1667 3439 1791 3484 tum.
1847 3433 2126 3482 Sdlt'n'ers'us.
2217 3435 2505 3498 Corruptus
2550 3436 2733 3498 procul

1668 3508 1821 3559 dubio
1844 3510 2002 3560 locus.
2070 3510 2208 3559 Olim
2245 3525 2372 3559 voce
2415 3511 2734 3574 transposita

1664 3584 1898 3647 legebam
1919 3601 1931 3634 :
1969 3586 2132 3646 Igitur
2153 3587 2340 3648 Asiam,
2356 3587 2540 3649 alatque
2561 3586 2628 3635 ibi
2649 3602 2732 3635 ru-

1664 3660 1836 3709 rietate
1857 3660 2074 3719 fortuna.-
2107 3665 2154 3709 σε
2190 3661 2340 3710 nostri
2376 3663 2559 3723 origine
2595 3677 2733 3711 vene·

1664 3738 1834 3796 raudo,
1866 3739 2055 3799 relegit,
2076 3738 2375 3804 impellitque,
2403 3741 2480 3800 &a
2519 3747 2571 3788 at
2597 3753 2732 3789 nunc

1665 3813 1918 3877 improbo.
1987 3815 2263 3865 Existimat
2305 3816 2526 3879 Lipsius,
2575 3815 2733 3865 fuisse

1665 3889 1748 3938 bic
1775 3890 1965 3954 aliquid
1990 3891 2239 3939 insertum
2264 3891 2330 3939 de
2353 3890 2472 3950 Ilio,
2496 3892 2729 3940 Romulae

1667 3967 1840 4029 gentis
1864 3965 2032 4016 fonte.
2099 3966 2161 4015 Id
2205 3967 2440 4030 suspicor
2477 3968 2639 4016 latere
2677 3968 2731 4016 in

1665 4057 1813 4106 voce,
1851 4045 1963 4106 alio,
2002 4059 2153 4109 quam
2175 4044 2338 4092 habet
2365 4044 2464 4093 Ms.
2493 4053 2609 4092 nam
2633 4057 2731 4106 ego

1666 4121 1775 4184 ejus
1816 4120 2088 4169 lectionem
2128 4119 2358 4170 fideliter
2394 4121 2570 4182 retuli,
2612 4135 2730 4170 cum

1667 4203 1820 4245 antea
1843 4211 1942 4245 uon
1967 4197 2132 4246 :ninus
2157 4205 2401 4260 corrupte
2431 4198 2730 4258 legeretur:

1666 4273 1831 4336 Igitur
1863 4273 2046 4337 aliaque
2077 4289 2168 4337 qua
2199 4275 2286 4334 ibi,
2313 4277 2394 4336 ξε.
2461 4275 2616 4323 Forte
2639 4273 2732 4324 ali-

1667 4351 1793 4417 quid
1817 4353 1922 4402 talc
1944 4352 2154 4417 scripsit
2168 4353 2407 4403 Tacitus:
2446 4353 2610 4415 Igitur
2630 4352 2731 4402 viso
