3050 4867
15 2074 22 2119 -..,.,
15 2014 22 2043 v—
15 1924 22 1965 q„
15 1860 20 1889 -.
15 1784 22 1825 2-

15 2472 22 2501 v-
14 2396 22 2427 ...
15 2322 22 2351 --
15 2244 22 2275 π-
15 2166 20 2197 --

1025 378 1037 392 ·
1140 375 1396 427 Aemo.
1439 375 1602 427 cAr.
1647 359 1754 426 27.

2381 361 2554 431 4403

361 516 521 568 animi
542 522 626 568 est
659 517 906 570 inferenti
945 517 1232 583 periculum
1268 535 1421 586 quam
1497 519 1647 571 dum:
1680 516 2112 583 memmi«
2124 517 2343 578 ursana.
2408 520 2553 570 Nihil

362 594 706 656 propulsanti.
771 596 888 646 Qua
919 603 975 645 et
1010 596 1064 645 iu
1095 611 1151 646 re
1172 611 1421 648 memora·

361 667 478 717 bilis
498 669 801 731 Agathoclis
836 671 1051 721 andacia
1082 672 1222 735 apud
1257 673 1419 725 Justi-

359 755 482 793 num
504 745 538 793 l.
564 757 709 794 xxu.
733 752 780 796 5.
855 747 1142 810 Vis-dangu.

1496 595 1685 646 clarius
1721 604 1779 645 et
1810 594 2024 644 fortasse
2045 594 2259 645 certius.
2324 584 2553 644 Pihhena.

1492 669 1655 733 Lege,
1676 671 1811 731 cnjus
1842 669 2122 719 conscientia
2142 668 2362 728 acfama.
2428 669 2552 720 Aci·¹

1492 746 1672 797 dalius.
1740 746 1890 798 Quod
1914 745 2031 794 viris
2069 744 2277 809 optimis
2321 740 2553 808 fastidio,

426 821 758 871 &cedendum
777 824 935 885 potius
954 840 1088 887 quam
1105 826 1418 890 pelles-eum]
1491 822 1639 872 nobis
1663 837 1873 872 aureum
1897 827 1953 870 et
1969 835 2255 884 gemmeum
2277 827 2378 870 est.
2431 821 2553 870 Con-

358 895 477 946 Nec
521 899 654 947 mule
694 897 858 949 foret:
909 904 1225 951 arducium
1259 903 1415 965 prius-

354 986 498 1035 qam
512 974 811 1035 pellerentur.
866 976 1094 1027 Gronov·

307 1094 314 1101 -
418 1047 584 1111 Specie
597 1050 762 1110 ignaui
773 1053 1072 1113 pradestina-
1086 1053 1416 1118 admonebant]

354 1123 522 1188 θμείε
544 1125 873 1177 referendum
902 1137 986 1178 est
1020 1130 1085 1179 ad
1110 1132 1413 1194 genitivum,

350 1203 670 1264 prudentium.
736 1204 919 1268 Ignavi
963 1208 1138 1268 specie
1194 1208 1412 1270 pruden-

353 1276 483 1327 tium
513 1278 878 1329 admonebant.
943 1281 1216 1331 Rhenanus.

419 1353 590 1417 Specie
606 1356 906 1416 madentium
924 1356 1114 1424 ignovi]
1144 1356 1413 1421 Ἀγχίθυροι

351 1437 470 1479 sunt
491 1431 541 1478 αἱ
559 1429 715 1479 κακίαι
741 1431 847 1479 ταῖς
876 1430 1077 1493 ἀρεταῖς,
1109 1438 1170 1481 ut
1205 1432 1280 1481 ait
1311 1433 1410 1481 Ba-

351 1505 509 1555 silius.
575 1507 752 1570 Atque
772 1507 890 1555 hinc
911 1508 1074 1555 multa
1094 1506 1148 1554 in
1172 1506 1292 1555 vitae
1330 1521 1413 1556 ac-

350 1581 575 1631 tionibus
619 1589 900 1632 occurrunt
957 1582 1153 1647 (verbis
1197 1581 1411 1644 Galeni)

349 1657 659 1720 δυσδιόριστιι,
690 1659 810 1723 quia
857 1658 890 1719 ἡ
931 1657 1074 1721 ἆραι-ὴ
1116 1661 1302 1722 ’γειτνιᾷ
1345 1660 1410 1723 τῇ

349 1730 506 1795 κακίᾳ.
582 1735 872 1794 Vir-duagiu-

411 1809 602 1858 Peritiu
621 1812 821 1858 locorum
840 1810 1194 1872 circumiretur]
1225 1810 1408 1874 Singu-

346 1883 445 1933 lari
469 1899 678 1933 numero
701 1886 921 1946 restitui,
948 1886 1297 1947 circumiretur,
1321 1901 1406 1935 ve-

347 1958 545 2009 teribus
567 1959 713 2007 libris
732 1960 1027 2009 auctoribus
1049 1977 1062 2008 :
1096 1975 1215 2011 nam
1240 1961 1305 2009 ad
1329 1962 1404 2025 ip-

345 2049 456 2085 sum
514 2035 813 2098 Agricolam
873 2035 1120 2098 refertur,
1156 2044 1212 2085 et
1259 2044 1405 2087 recte

343 2113 583 2161 convenit
605 2128 724 2162 cum
744 2113 981 2178 sequenti
999 2112 1178 2175 verbo,
1198 2112 1403 2164 incessit.

343 2184 495 2236 Alias
514 2187 648 2252 quod
672 2189 724 2237 in
747 2187 969 2251 vulgatis
982 2188 1192 2250 legitur,
1207 2189 1404 2238 ciram·

341 2261 546 2325 iream,
577 2265 773 2328 aliquid
817 2264 1168 2328 ambiguitatis
1211 2264 1403 2315 babere

341 2345 533 2401 potest.
596 2340 821 2392 Piohena.

408 2414 543 2464 GAP.
569 2420 653 2465 26.
684 2416 848 2465 Securi
865 2431 952 2478 pro
970 2417 1140 2475 solute,
1169 2418 1228 2465 de
1243 2418 1403 2479 glorio

338 2490 606 2553 certabunt]
664 2491 970 2541 concinnius
991 2492 1078 2553 sit,
1108 2493 1152 2542 si
1176 2493 1400 2543 vicissim

339 2563 582 2615 traducas
605 2568 884 2629 particulas
912 2584 1002 2631 pro
1021 2576 1074 2619 et
1096 2572 1171 2619 de.
1235 2570 1399 2633 Lego,

338 2640 492 2687 securi
522 2642 580 2689 ds
619 2643 789 2703 sulm,
827 2656 916 2705 pro
947 2643 1106 2705 gloria
1137 2644 1395 2693 certabant.

338 2713 477 2765 Nam
495 2730 707 2766 “cunm
728 2732 825 2767 esse
846 2732 934 2781 pro
952 2718 1112 2781 aliqua
1130 2733 1201 2780 re,
1221 2718 1397 2769 nescio

338 2802 406 2839 an
424 2791 608 2841 Latine
626 2794 792 2857 possis
809 2792 1002 2843 dicere.
1033 2793 1296 2843 Acidaliae.

406 2864 681 2922 Quas-etiam
721 2868 957 2932 irrupere]
1021 2868 1137 2919 Imo
1187 2884 1395 2934 erupere.

335 2936 444 2989 Res
463 2940 581 3004 ipsa
603 2950 660 2992 et
674 2943 946 3009 sequentia
965 2944 1206 2995 clamant.
1241 2946 1393 2995 Idem.

404 3016 541 3073 Quod
562 3018 655 3067 uisi
672 3020 865 3082 paludes
885 3025 934 3069 et
953 3019 1108 3084 silvoe]
1159 3021 1240 3070 De
1267 3021 1395 3070 late·

332 3092 443 3141 bris
466 3093 710 3144 silvarum
735 3102 912 3145 notum
952 3104 1054 3159 est,
1092 3097 1158 3147 de
1192 3096 1394 3160 paludi-

333 3168 431 3219 bus
452 3175 597 3233 uoto,
628 3171 680 3219 iu
715 3171 899 3237 quibus
931 3162 1282 3235 saepenume'ro
1322 3174 1393 3222 lu-

331 3244 493 3294 tuisse
507 3243 764 3309 fugientes
786 3254 1069 3297 memorant
1090 3247 1393 3311 scriptores.

328 3319 519 3371 Juveu.
560 3325 669 3371 Sat.
706 3335 762 3373 Χ.
812 3326 827 3349 ‘
853 3324 1100 3374 Exsilium
1120 3330 1177 3373 et
1198 3338 1394 3388 carcer,

328 3395 819 3461 Minturnarumque
860 3397 1110 3461 paludes?
1207 3400 1390 3449 Florus

330 3486 533 3536 quoque
555 3480 738 3523 auctor
753 3487 832 3522 tv.
850 3478 928 3523 12.
944 3475 959 3502 ‘
979 3460 1116 3523 Nihii
1136 3475 1224 3524 illa
1243 3475 1392 3525 caede

326 3562 426 3610 per
450 3549 668 3611 paludes
692 3563 889 3614 perque
912 3550 1065 3599 silvas
1083 3550 1389 3600 cruentius-⁹

325 3623 598 3674 Bardaius.

392 3701 528 3752 Cn».
552 3706 638 3752 27.
674 3700 822 3763 Cujus
840 3703 1106 3753 commin
1138 3720 1194 3753 ac
1221 3702 1386 3767 sama]

324 3775 514 3841 Pallor,
576 3784 671 3828 aut
743 3777 1028 3827 conscientia
1093 3778 1384 3841 legendum.

327 3850 573 3905 Conscius
610 3852 710 3903 sibi
744 3852 1006 3903 exercitus
1026 3853 1249 3918 egregiae
1285 3852 1386 3903 vic-

325 3928 496 3991 toriae,
518 3936 573 3978 et
595 3942 661 3979 ex
694 3944 760 3979 ea
797 3926 972 3993 famae,
996 3929 1190 3994 majora
1213 3928 1383 3978 volve·

324 4000 437 4057 bat.
470 4007 636 4059 Video
655 4012 709 4058 et
729 4007 976 4058 Picbeuoe
990 4008 1086 4057 hoc
1106 4006 1382 4072 placuisse.

393 4155 536 4219 Ctp'toe
554 4158 817 4210 mantia
835 4173 891 4208 uc
902 4156 1067 4221 fama]
1119 4156 1258 4209 Quid
1282 4155 1382 4206 sibi

321 4230 407 4282 hic
425 4233 837 4286 velitconstmtiae
853 4250 973 4299 vox,
982 4249 1083 4285 non
1102 4249 1377 4300 assequorz

322 4323 478 4377 quam
514 4316 814 4379 corruptam
851 4311 1104 4379 suspicor,
1122 4325 1183 4362 ac
1205 4310 1379 4377 legen·

1486 898 1669 947 semia
1706 897 1979 963 aliquando
2016 897 2297 960 opponitur
2319 902 2552 946 nontam

1489 973 1692 1022 levitati
1714 980 1805 1021 aut
1826 972 2112 1022 infirmitati
2129 972 2254 1036 ejus,
2272 974 2359 1037 qui
2382 972 2551 1022 varius

1490 1055 1548 1097 et
1568 1047 1829 1097 mutabilis
1851 1061 2072 1111 semper,
2093 1062 2246 1111 quam
2264 1048 2433 1097 timori
2457 1063 2551 1098 seu

1490 1124 1692 1173 levitati
1724 1138 1791 1173 ex
1825 1123 2043 1172 timore:
2081 1132 2237 1186 atque
2257 1131 2338 1171 est
2359 1124 2550 1187 imper·

1489 1201 1700 1249 territus
1732 1206 1786 1249 et
1820 1198 2092 1250 immobilis
2108 1199 2303 1247 animus
2326 1199 2407 1261 iis,
2431 1215 2549 1264 quae

1488 1282 1689 1325 terrere
1706 1282 1937 1339 possunt,
1971 1281 2027 1324 et
2062 1273 2366 1323 infirmiores
2399 1274 2549 1324 iudu-

1487 1366 1609 1401 cere
1633 1353 1715 1401 vel
1734 1352 1784 1400 vi
1807 1352 1888 1401 vel
1913 1350 2193 1401 ambitione
2213 1349 2277 1398 ad
2303 1350 2550 1400 mutanda

1486 1434 1663 1490 coepta
1685 1435 1739 1476 et
1759 1427 1824 1476 ad
1849 1428 2003 1477 aliter
2037 1434 2091 1475 et
2131 1428 2296 1475 miuus
2329 1425 2545 1477 honeste

1485 1502 1599 1553 fere
1643 1504 2026 1555 consulendum.
2110 1504 2197 1553 Sic
2235 1505 2548 1554 constantiam

1486 1579 1612 1644 Cyri
1635 1581 1784 1643 pueri
1807 1581 1858 1628 in
1882 1580 2126 1642 Astyagis
2152 1581 2268 1629 aula
2291 1581 2549 1643 praedicat

1480 1656 1717 1706 Justinus
1738 1670 1776 1705 1.
1800 1662 1849 1705 5.
1883 1663 1938 1705 et
1969 1656 2282 1706 condentium
2318 1655 2544 1706 Alexan-

1482 1728 1563 1778 dri
1590 1731 1837 1794 rapientis
1855 1731 1919 1779 ad
1943 1731 2253 1794 supplicium
2275 1731 2340 1780 de
2361 1734 2543 1781 tumul-

1483 1807 1748 1856 tuantibus
1771 1807 2014 1857 armatis:
2037 1808 2120 1855 cui
2142 1807 2386 1856 convenit
2403 1808 2540 1870 apud

1481 1888 1713 1931 nostrum
1734 1883 1967 1931 Vocula».
2038 1881 2317 1930 Constantia
2359 1882 2543 1932 histor.

1479 1970 1558 2007 ιν.
1580 1963 1662 2008 25.
1683 1958 1811 2006 item
1835 1957 2109 2007 Perdiccae
2132 1957 2271 2005 ultro
2292 1958 2542 2007 acceden-

1479 2033 1548 2082 tis
1582 2039 1637 2082 et
1671 2033 1987 2098 increpantis
2024 2033 2319 2098 pedestrem
2341 2035 2541 2084 exerci-

1479 2114 1609 2172 tum,
1631 2109 1718 2173 qui
1741 2123 2087 2173 percussorem
2130 2109 2196 2157 ad
2235 2123 2354 2157 eum
2388 2110 2540 2159 mise·

1477 2191 1561 2233 rat
1595 2184 1790 2237 Justin.
1806 2199 1931 2235 1111.
1977 2189 2025 2234 3.
2088 2186 2227 2234 Talis
2269 2187 2538 2237 constantia

1477 2260 1776 2311 Germanici
1798 2261 2080 2325 rejicientis
2121 2262 2391 2325 imperium
2420 2277 2538 2313 cum

1474 2338 1708 2387 maximis
1730 2337 1880 2386 minis
1902 2337 2131 2387 delatum
2159 2338 2404 2386 Suetonio
2439 2338 2538 2387 Ca·

1474 2412 1566 2477 lig.
1585 2427 1624 2461 1.
1647 2421 1702 2462 et
1723 2413 1827 2462 Titi
1850 2413 2159 2476 conspiratis
2181 2411 2453 2461 adversum
2479 2427 2537 2463 se

1472 2489 1701 2539 assidere
1730 2489 1830 2539 sibi
1853 2488 2089 2552 jubentis
2109 2496 2163 2536 et
2188 2487 2537 2550 gladiatorum

1472 2579 1617 2613 arma
1653 2566 1921 2628 explorare
1955 2563 2094 2627 apud
2130 2562 2394 2611 Aurelium
2417 2564 2538 2613 Vic-

1471 2649 1657 2691 torem.
1724 2642 1844 2691 Non
1886 2640 2038 2688 aliter
2060 2638 2186 2687 Pius
2221 2638 2356 2700 apud
2382 2639 2534 2702 Capi·

1471 2716 1684 2765 telinum
1704 2730 1751 2765 c.
1775 2722 1824 2765 6.
1855 2715 1871 2742 ‘
1898 2714 2122 2778 Fuitque
2140 2728 2200 2763 ea
2222 2714 2533 2778 constantia,

1470 2798 1532 2842 ut
1562 2793 1791 2856 septenis
1813 2798 1870 2841 et
1909 2792 2120 2841 novenis
2143 2791 2287 2840 annis
2329 2791 2381 2838 in
2418 2805 2535 2854 pro-

1470 2869 1652 2919 vinciis
1708 2869 1866 2918 bonos
1925 2868 2174 2933 proesides
2236 2866 2533 2917 detineret.²

1469 2944 1624 2995 Quod
1645 2951 1787 2993 recte
1810 2945 1956 3006 cepit
1973 2941 2335 2992 casaubonus:
2363 2956 2533 3005 eoque

1468 3019 1636 3068 minus
1670 3017 1962 3080 ferendum,
1984 3018 2119 3082 quod
2152 3017 2200 3065 ei
2238 3016 2533 3081 obloquitur

1467 3095 1763 3145 Salmasius.
1829 3094 2113 3144 Cavillator
2153 3093 2353 3144 scillcet
2393 3096 2533 3145 bonos

1471 3176 1669 3220 tantum
1692 3169 1992 3233 detinuisse,
2012 3177 2069 3220 et
2090 3170 2154 3219 sb
2176 3169 2256 3219 his
2274 3171 2399 3220 nibil
2439 3186 2529 3235 pe·

1466 3244 1619 3293 riculi
1647 3253 1739 3295 aut
1773 3251 1960 3295 metus.
2027 3245 2221 3294 Parum
2263 3249 2533 3310 πολιτικῶς,

1467 3319 1623 3370 immo
1647 3321 1848 3386 regibus
1867 3320 1988 3371 boui
2012 3336 2162 3386 quam
2185 3323 2304 3371 mali
2322 3334 2530 3388 suspec-

1465 3396 1627 3446 tiores
1674 3404 1824 3447 sunt:
1881 3405 1939 3447 et
1982 3412 2121 3461 soepe
2165 3413 2270 3447 nou
2323 3399 2528 3463 injuris.

1466 3472 1589 3521 Non
1639 3473 1773 3521 euim
1829 3472 1969 3522 bonos
2020 3474 2185 3531 ἠθικῶς
2234 3472 2302 3522 ad
2356 3475 2526 3537 legem

1462 3547 1892 3612 Philosophorum
1907 3549 2261 3614 intelligimus,
2272 3551 2363 3599 sed
2378 3552 2528 3614 juste

1463 3636 1524 3671 ac
1556 3620 1764 3671 fortiter
1797 3628 1854 3671 et
1889 3637 2004 3673 cum
2046 3625 2212 3688 gratia
2236 3626 2526 3689 provincia·

1459 3696 1585 3747 lium
1602 3696 1968 3762 rempublicam
1992 3708 2266 3762 gerentes:
2292 3701 2528 3766 qualibus

1460 3773 1700 3839 profecto
1738 3776 1916 3838 gloriae
1969 3783 2026 3825 et
2085 3777 2287 3841 imperii
2332 3778 2524 3842 cupido

1458 3864 1565 3899 non
1604 3852 1833 3914 segniter
1870 3851 2172 3903 innascitur.
2240 3853 2433 3903 Noster
2456 3853 2524 3904 de

1458 3925 1672 3977 Tiberio
1696 3926 1882 3977 Auual.
1922 3929 2119 3991 primo:
2156 3930 2171 3955 ‘
2195 3943 2364 3994 neque
2385 3929 2523 3980 enim

1459 4002 1745 4057 eminentes
1814 4004 2036 4054 virtutes
2093 4005 2411 4068 sectabatur,
2466 4014 2524 4056 et

1457 4095 1659 4132 rursum
1680 4082 1805 4132 vitia
1830 4083 2047 4133 oderat:
2083 4098 2148 4132 ex
2187 4083 2397 4146 optimis
2433 4096 2522 4145 pe-

1457 4157 1694 4218 riculum,
1710 4174 1741 4208 a
1763 4158 1996 4223 pessimis
2014 4159 2238 4208 dedecus
2256 4156 2520 4220 publicum

1455 4233 1757 4285 metuebat!
1826 4235 1946 4285 Non
1996 4233 2147 4285 aliter
2200 4232 2522 4295 Capitolinus
2556 4266 2559 4271 -

1454 4310 1700 4363 Salmasio
1748 4309 1801 4361 iu
1856 4309 2143 4363 subsidium
2190 4315 2405 4360 vocatus
2450 4307 2518 4358 de
