3050 4867
433 381 607 466 3844

503 539 606 587 Nec
627 539 690 587 ad
709 537 937 587 invidiam
950 535 1071 599 ista]
1104 535 1347 601 Intelligo
1371 535 1495 586 alio·

433 627 579 675 rum;
634 613 783 677 quasi
818 612 945 662 alios
998 612 1204 677 oblique
1248 611 1499 675 perstrin-

434 703 578 752 gens,
644 690 674 716 '¹
699 688 926 740 Quidam
959 692 1232 737 verterunt
1267 692 1496 736 ostenta-

433 766 647 827 tionem,
688 764 771 813 cui
817 764 1014 813 nullum
1057 764 1239 828 opinor
1276 762 1359 812 hie
1382 775 1495 811 esse

430 841 619 890 locum.
685 838 792 889 Alii
826 853 1006 888 vocem
1043 839 1238 888 invidia·
1270 839 1497 889 retinue-

433 925 575 980 runt,
611 917 702 967 sed
749 931 850 965 non
896 915 1342 980 significationem,
1381 930 1497 980 quae

430 1007 536 1044 non
557 993 654 1042 nisi
678 992 903 1057 vulgaris
926 1000 1009 1041 est
1033 992 1083 1041 in
1115 992 1260 1041 hisce
1294 990 1499 1055 linguis,

434 1082 601 1133 neque
619 1069 767 1128 hanc,
791 1082 908 1134 quie
937 1068 1020 1117 hic
1039 1075 1096 1118 et
1118 1067 1240 1116 alibi
1259 1066 1499 1131 frequen-

437 1145 631 1195 tissime
676 1143 959 1208 reperitur,
1004 1149 1289 1209 exaequat:
1345 1155 1499 1208 quam

434 1220 592 1269 etiam
615 1221 701 1269 vix
739 1220 951 1269 alterins
982 1218 1233 1268 sermonis
1274 1233 1371 1268 vox
1413 1232 1500 1267 ex-

434 1296 706 1360 presserit.
756 1295 1128 1345 Freinshemius.

499 1373 827 1434 adsequentur
835 1372 1044 1435 floreum
1064 1370 1136 1432 te]
1178 1370 1331 1420 Forte
1358 1370 1500 1419 meli-

433 1462 496 1498 us
525 1450 858 1510 adsequantur.
892 1445 1178 1495 Acidalius.
1248 1446 1368 1496 Non
1392 1447 1501 1508 pla-

436 1530 556 1584 σείς
602 1523 796 1572 certius
833 1522 969 1571 enim
1005 1536 1155 1570 omen
1188 1519 1238 1569 in
1275 1522 1503 1585 vulgata,

438 1600 542 1650 etsi
561 1605 729 1648 ratum
753 1613 855 1647 non
877 1596 1051 1648 fuerit.
1098 1597 1382 1646 Gronovius.

502 1675 641 1725 Car.
656 1680 737 1725 88.
762 1675 993 1723 Eamdem
1010 1672 1126 1735 υἱιιι]
1141 1672 1323 1722 Prisca
1338 1672 1501 1737 scrip-

436 1757 572 1814 tura,
589 1751 642 1799 ιἰι
662 1766 734 1800 me
756 1749 1036 1800 tras-merei
1051 1766 1067 1798 .·
1085 1764 1150 1798 ex
1175 1763 1275 1813 quo
1291 1749 1502 1811 Beatus,

435 1831 740 1876 transumere.
778 1826 1060 1888 Legebam,
1076 1826 1253 1888 eadem,
1272 1824 1501 1873 incidians

434 1902 488 1951 ὶιι
515 1917 588 1952 me
604 1901 926 1951 transmittere
943 1917 960 1949 .-
980 1899 1065 1949 vel
1104 1899 1282 1961 etiam,
1311 1901 1501 1948 tandem

433 1977 592 2027 vim*
633 1977 854 2040 Lipsius.

503 2052 719 2101 Eandem
767 2051 866 2100 vim
912 2051 965 2100 ιἰι
1010 2065 1084 2101 me
1136 2050 1499 2113 transmittere]

437 2125 699 2176 Antonius
722 2125 1121 2189 Augustinusex
1139 2126 1339 2191 antiqui
1360 2126 1500 2175 codi-

435 2203 511 2252 cis
530 2203 805 2265 scriptura,
828 2217 940 2265 quae
955 2208 1053 2265 est,
1065 2203 1360 2262 transmeat,
1371 2201 1499 2252 faci-

434 2279 576 2346 ebat,
618 2278 924 2328 transmittei.
957 2279 1191 2327 Ursinus.
1228 2278 1499 2342 Corrigen-

435 2355 559 2405 dum
576 2354 698 2403 olim
717 2353 890 2416 putavi
912 2369 925 2402 ς
960 2352 1187 2402 invidiam
1208 2369 1315 2402 vero
1346 2354 1397 2402 ιἰι
1427 2369 1500 2403 me

436 2431 758 2481 transmittere
771 2448 788 2479 .·
810 2430 1000 2482 litteris
1017 2430 1222 2495 quidem
1242 2445 1340 2481 nou
1355 2431 1499 2481 dissi·

435 2508 660 2558 milibus.
683 2507 783 2556 Sed
812 2521 979 2570 nuper
1020 2507 1277 2570 vulgatam
1320 2508 1498 2557 lectio-

437 2598 553 2633 nem
570 2584 873 2646 amplector.
898 2584 1032 2633 Nam
1047 2590 1125 2647 ut,
1143 2585 1497 2635 modestiamse·

433 2665 574 2710 natus
588 2677 773 2724 urgere,
789 2661 1062 2726 significat,
1078 2669 1283 2712 senatus
1300 2664 1499 2714 modes-

434 2737 521 2786 tiae
538 2738 638 2785 vim
656 2737 847 2800 facere,
884 2738 960 2787 ita
984 2745 1129 2787 recte
1149 2737 1390 2788 Tiberius
1405 2740 1499 2802 ait,

434 2816 627 2864 eandem
648 2816 744 2864 vim
764 2815 832 2863 ab
872 2814 1093 2863 Hortalo
1123 2815 1175 2862 in
1205 2827 1260 2862 se
1295 2829 1497 2879 quoque

436 2890 719 2940 transmitti
741 2906 754 2938 :
793 2889 928 2953 quod
951 2889 1086 2938 idem
1117 2896 1217 2950 est,
1241 2903 1303 2938 ac
1322 2889 1364 2938 si
1389 2890 1498 2939 dix-

433 2965 578 3029 isset,
602 2980 786 3031 urgere
822 2963 1123 3015 modestiam
1162 2972 1371 3013 senatus
1394 2979 1498 3015 me-

435 3057 637 3106 amque.
711 3042 939 3091 Pichena.
1019 3039 1303 3089 Emendem
1333 3056 1347 3088 t
1406 3041 1497 3089 Ur-

428 3133 545 3181 gere
583 3117 858 3168 modestiam
889 3121 1097 3180 senatus,
1140 3117 1367 3166 invidiam
1406 3118 1496 3166 mi-

431 3195 665 3244 seratione
686 3209 882 3256 movere,
903 3209 959 3241 ac
982 3196 1122 3242 velat.
1189 3193 1274 3242 De
1306 3194 1496 3245 invidia

433 3275 490 3319 et
531 3270 859 3319 miseratione
893 3269 1212 3332 aptissimum
1244 3270 1327 3320 hic
1366 3285 1496 3335 esse,

436 3351 549 3395 tum
569 3359 636 3393 ex
658 3344 767 3408 ipsa
786 3358 860 3405 re,
884 3350 992 3393 tum
1010 3359 1077 3393 ex
1101 3344 1307 3393 Hortali
1336 3346 1494 3409 ipsius

436 3427 558 3470 ante
594 3420 828 3470 recitatis
849 3418 1040 3482 verbis,
1082 3426 1246 3483 patet.
1317 3421 1494 3472 Possis

434 3505 608 3547 tamen
626 3498 804 3558 etiam,
822 3497 1051 3546 invidiam
1064 3497 1364 3546 miseratione
1384 3499 1495 3546 mis-

432 3588 564 3623 eere.-
599 3572 852 3638 quomodo
900 3571 990 3620 lib.
1032 3586 1071 3620 r.
1120 3571 1207 3620 alii
1249 3572 1492 3622 Tacitum

432 3650 664 3700 locutum
705 3651 915 3699 volunt:
963 3648 979 3675 ‘
1016 3648 1251 3697 lacrimas
1289 3648 1495 3712 gaudio,

433 3732 645 3791 questus
680 3726 975 3774 adulatione
999 3723 1323 3773 miscebant!
1387 3725 1493 3774 Sed

432 3801 574 3865 prius
595 3802 659 3851 ad
681 3817 787 3851 rem
812 3800 1000 3865 aptius.
1069 3800 1290 3858 Poterat
1307 3808 1363 3851 et
1379 3803 1493 3852 sim-

430 3877 661 3940 pliciter,
702 3876 940 3926 Intidiam
976 3876 1027 3924 in
1058 3890 1132 3924 me
1151 3877 1490 3927 transmittere.

432 3952 703 4005 Quomodo
721 3951 856 4001 infra
875 3953 1074 4002 locutus
1091 3957 1174 4001 est
1194 3969 1206 4000 :
1231 3955 1245 3980 ‘
1265 3952 1491 4003 Proinde

431 4029 625 4078 tradito
648 4030 818 4092 Cotye
840 4029 1059 4090 veniret,
1086 4026 1489 4093 transferretque

428 4104 671 4155 invidiam
695 4103 954 4153 criminis!
1001 4104 1264 4153 Acidaliae.
1330 4105 1492 4168 Lego,

429 4182 621 4231 eandem
664 4181 762 4231 odii
805 4181 900 4229 vim
932 4180 983 4228 ιἰι
1024 4195 1099 4231 me
1142 4182 1487 4231 transmittere.

430 4257 825 4307 Mirandulanus
865 4255 1049 4322 codex,
1091 4257 1213 4306 mihi
1254 4256 1306 4307 in
1340 4272 1403 4307 ea
1432 4273 1489 4308 re

427 4330 617 4386 facula.
684 4333 802 4386 Nisi
824 4332 990 4385 codex
1013 4334 1388 4400 manuscriptas
1410 4348 1490 4385 ur-

1141 394 1359 444 1101·AE
1406 393 1807 444 vammum
1857 394 1937 442 IN

1572 543 1742 599 geret,
1771 549 2012 588 excusam
2037 534 2327 600 probarem,
2345 549 2459 600 quie
2475 532 2635 599 aptis·

1571 611 1698 660 sima
1738 618 1836 662 est.
1889 612 2130 662 Aurelius.
2215 611 2430 675 Optime
2479 610 2638 661 habet

1572 687 1841 749 vulgatum
1867 705 1880 737 ε
1915 702 2032 736 nam
2055 694 2111 737 et
2131 687 2205 736 eis
2230 686 2453 737 infertur
2473 685 2637 750 pudo-

1572 762 1653 811 ri:
1688 762 1763 812 vis
1796 763 1954 813 etiam
1987 771 2086 826 est,
2106 779 2221 814 cnm
2244 762 2439 828 aliquid
2477 767 2639 812 extor-

1572 842 1683 901 quet
1725 837 2020 901 improbitas,
2044 847 2102 888 ut
2125 838 2354 903 loquitur
2386 836 2636 887 Arbiter-z

1573 915 1659 963 cui
1681 914 1923 965 concedit
1941 914 2127 965 frontis
2149 914 2488 965 imbecillitas.
2547 913 2638 963 Sic

1571 990 1663 1040 lib.
1690 1003 1788 1041 xv,
1810 995 1893 1040 86.
1925 991 1940 1018 ‘
1968 992 2105 1054 Ergo
2128 999 2188 1040 ut
2215 991 2269 1040 in
2307 989 2523 1055 privatis
2545 1002 2637 1040 ne·

1574 1066 1974 1116 cessitudinibus
2008 1067 2242 1131 proxima
2262 1066 2480 1132 pignora
2501 1081 2639 1131 prae·

1575 1144 1829 1207 valerent,
1847 1143 1923 1194 ita
1939 1144 2038 1193 Po.
2055 1143 2121 1193 R.
2141 1143 2413 1207 plurimam
2427 1144 2534 1193 vim
2549 1142 2640 1191 ha·

1573 1218 1719 1281 bere,
1751 1218 2140 1283 parendumque
2182 1218 2462 1268 retinenti.'
2510 1218 2639 1267 Gro-

1575 1310 1681 1343 nov.

1633 1375 1772 1425 Car».
1789 1378 1871 1424 89.
1896 1372 2008 1424 Non
2027 1373 2192 1423 seruili
2210 1369 2390 1434 animo]
2416 1370 2635 1421 Interim

1573 1450 1760 1513 servile,
1785 1464 1880 1513 pro
1917 1450 2028 1512 vili,
2051 1450 2281 1513 abjecto,
2303 1455 2360 1499 et
2379 1461 2602 1511 nequam
2623 1462 2641 1508 ς

1576 1540 1696 1575 nam
1731 1541 1828 1590 per
1857 1525 2070 1575 humilia
2104 1526 2377 1589 depressus
2414 1522 2521 1584 vix,
2546 1530 2640 1574 aut

1575 1616 1713 1663 raro,
1732 1604 1797 1654 ad
1821 1604 2071 1667 praeclara
2091 1617 2147 1653 se
2170 1601 2341 1664 erigit.
2398 1598 2641 1651 Aurelius.

1639 1679 1852 1732 Fun-am
1889 1677 2092 1740 eineres]
2141 1677 2213 1726 Ut
2248 1681 2395 1725 tanto
2438 1672 2641 1724 facilius

1576 1755 1932 1819 persuaderet,
1989 1753 2276 1817 Agrippam
2331 1750 2640 1802 Postumum

1574 1836 1836 1879 mortuum
1859 1843 1960 1877 non
1983 1843 2117 1878 esse.
2170 1828 2408 1877 Murem.

1647 1907 1903 1969 Vecta-sque
1948 1906 2143 1969 Coram]
2211 1901 2370 1965 Apud
2415 1902 2640 1952 Dionem

1572 1983 1737 2045 leges,
1782 1982 1836 2029 in
1881 1980 2105 2031 Galliam
2149 1975 2442 2043 profectum
2498 1992 2637 2028 eum.

1574 2056 1678 2106 Sed
1702 2058 1848 2106 Coros
1871 2069 2058 2105 nomen
2094 2069 2192 2117 ego
2232 2052 2370 2116 apud
2406 2052 2640 2117 Geogra·

1577 2133 1702 2196 phos
1725 2131 1778 2179 in
1800 2130 1896 2180 hoc
1923 2138 2096 2180 tractu
2133 2143 2238 2180 non
2280 2128 2520 2192 reperio:
2562 2143 2641 2178 re·

1576 2207 1725 2271 perio
1747 2207 1932 2256 Cosae:
1981 2204 2119 2269 quod
2163 2204 2386 2254 Etrurine
2424 2202 2640 2266 opidum

1574 2282 1675 2333 fuit
1713 2283 1762 2332 in
1798 2282 2005 2331 sublimi
2047 2282 2180 2331 colle
2219 2281 2284 2329 ad
2324 2294 2484 2341 mare,
2519 2294 2642 2329 cum

1576 2359 1812 2422 subjecto
1833 2359 1965 2409 sinu.
2020 2357 2206 2407 Strabo
2228 2357 2318 2407 lib.
2337 2371 2391 2406 v.
2430 2355 2567 2405 Μετὰ
2587 2354 2641 2406 δὲ

1576 2433 1850 2483 Ποπλώνιον
1881 2432 2049 2482 Κόσσα
2068 2432 2223 2497 πόλις,
2236 2432 2396 2495 μικρὸν
2418 2430 2532 2497 ὑπὲρ
2552 2435 2641 2491 τῆς

1575 2507 1829 2567 θαλάττης·
1847 2507 1950 2557 ἔστι
1966 2507 2016 2557 δὲ
2028 2508 2079 2558 ἐν
2091 2508 2254 2570 κόλπῳ
2265 2508 2432 2565 βουνὸς
2445 2507 2640 2572 ὑψηλός.

1574 2585 1811 2633 Vicinum
1835 2584 1888 2633 id
1912 2585 2089 2649 portui
2130 2584 2374 2636 Herculis
2413 2586 2639 2635 Rutilius

1575 2658 1629 2707 in
1666 2659 1943 2708 Itinerario
1998 2661 2177 2711 locat:
2226 2662 2242 2689 ⁴
2266 2664 2336 2712 Et
2386 2662 2639 2712 desolate

1574 2735 1761 2786 moenia
1797 2734 1933 2785 foeda
1971 2736 2160 2787 Cosaess
2225 2738 2432 2788 Servius
2464 2739 2529 2787 de
2552 2753 2640 2789 eo·

1577 2813 1729 2861 dem:
1766 2813 1782 2840 ‘
1815 2814 1966 2865 Cosae
2012 2814 2197 2864 civitas
2234 2815 2489 2879 Thusciae,
2524 2831 2638 2880 quae

1574 2903 1788 2939 numero
1803 2890 2050 2953 singulari
2066 2892 2223 2940 etiam
2236 2890 2519 2941 secundum
2529 2892 2642 2941 Sal-

1574 2963 1783 3013 lustium
1803 2964 2032 3015 dicitur!
2077 2966 2327 3015 Nominat
2348 2974 2400 3016 et
2435 2965 2637 3017 Plinius

1575 3038 1663 3088 lib.
1687 3054 1748 3090 ιι.
1785 3040 1970 3105 Itaque
2013 3041 2101 3105 qui
2136 3056 2218 3090 me
2243 3041 2438 3104 audiet,
2464 3043 2638 3092 Cosam

1574 3114 1657 3164 hic
1677 3116 1934 3166 restituet.
1971 3115 2184 3179 Lipsius.

1641 3194 1803 3256 Neque
1840 3195 2086 3257 propalam
2138 3193 2311 3257 aspici]
2377 3193 2525 3243 Idem
2570 3194 2638 3245 de

1574 3266 1865 3331 Hilarione,
1901 3269 1988 3317 illo
2023 3268 2159 3318 inter
2200 3270 2474 3320 monachos
2506 3273 2640 3321 cele·

1575 3342 1815 3406 berrimo,
1852 3345 2014 3394 tradit
2063 3344 2389 3408 Nicephorus
2442 3346 2531 3396 lib.
2580 3360 2637 3399 x.

1572 3418 1714 3468 Hist.
1769 3433 1885 3483 cap.
1926 3424 1975 3468 9.
2020 3420 2282 3470 ἐσπούδασε
2328 3422 2421 3486 γὰρ
2455 3422 2637 3484 ἀφανὴς

1573 3491 1686 3544 εἶναι
1717 3498 1822 3545 ταῖς
1852 3495 2195 3560 μεταβόσεσιν,
2227 3498 2287 3546 ὥς
2328 3517 2385 3547 τε
2415 3496 2632 3560 τάχιστα

1570 3570 1778 3621 διαλύειν
1802 3572 1891 3631 τὴν
1928 3572 2031 3637 περὶ
2053 3574 2196 3622 αὐτοῦ
2219 3572 2636 3634 ἐπισυνισταμένην

1571 3647 1737 3710 Meam
1774 3649 2089 3714 laminasque
2125 3651 2284 3700 stadio
2319 3651 2533 3714 habebat,
2579 3657 2634 3702 ac

1568 3724 1855 3786 migratione
1905 3725 2067 3775 crebra
2121 3725 2357 3775 obscurior
2405 3733 2542 3788 esset,
2584 3733 2635 3777 et

1569 3815 1707 3862 quam
1731 3802 1940 3864 primam
1982 3802 2139 3865 opinio
2179 3818 2233 3851 ae
2266 3803 2557 3852 existimatio
2576 3806 2635 3853 de

1569 3890 1621 3924 eo
1643 3878 1854 3926 excitata
1876 3882 2181 3927 evanesceret.
2246 3878 2348 3928 Sed
2366 3879 2515 3943 liujus
2534 3893 2637 3929 me-

1569 3950 1667 3999 lior
1690 3965 1862 4012 causa,
1895 3968 2048 4017 quam
2083 3953 2217 4003 illius
2257 3955 2632 4020 pseudoagrip·

1570 4042 1671 4090 pae.
1725 4029 2048 4079 Boxhornius.

1641 4105 1849 4167 Veritas,
1870 4107 1974 4156 visu
1991 4112 2036 4155 et
2059 4107 2215 4173 mora]
2250 4107 2393 4157 Hist.
2412 4122 2450 4158 r.
2487 4110 2502 4136 ‘
2524 4122 2634 4159 sce·

1568 4182 1678 4230 lera
1707 4183 1925 4246 impetu,
1959 4182 2095 4232 bona
2127 4183 2340 4234 consilia
2375 4200 2521 4234 mora
2543 4200 2632 4236 va·

1566 4259 1803 4308 lesoere.'
1836 4258 2063 4309 Pictam.

1632 4333 1938 4399 mli-qum
1947 4333 2159 4402 faniam]
2188 4335 2377 4387 Statim
2392 4334 2631 4388 abeundo
