3050 4867
943 427 1086 475 mn.
1135 427 1217 477 11.
1270 426 1441 478 cAP.
1486 413 1596 481 40.
1647 427 2081 504 ARN-Anum.

378 565 607 630 scilicet,
650 566 954 633 priusquam
993 570 1125 621 bene
1167 571 1456 621 innotesce-

382 651 498 693 ret:
536 646 863 707 precedebat
880 653 1069 708 autem,
1101 663 1166 697 ex
1189 649 1455 713 inopinato

382 725 438 767 et
462 720 710 769 celeriter
752 735 812 770 se
853 722 1095 772 sistendo.
1162 723 1249 774 Ita
1272 740 1454 790 parum

386 809 571 859 guaros
616 797 969 861 relinquebat,
1004 813 1184 862 parum
1226 802 1456 865 providis

384 871 693 921 sesistebat.
751 874 965 936 Lipsius.

450 948 761 1011 Relinquebat
781 951 993 1014 sunium,
1015 957 1097 1001 aut
1116 954 1456 1018 preveniebat]

386 1024 524 1074 Mira
560 1026 783 1075 bominis
821 1030 1049 1078 versutia
1082 1038 1137 1079 et
1169 1029 1451 1084 festinatio.

387 1100 917 1167 Relinquebatfumam,
962 1120 1078 1155 cum
1108 1105 1221 1156 fere
1247 1108 1453 1171 ignotus

384 1178 573 1241 abiret,
592 1180 913 1242 praeveuiabnt
934 1196 1050 1230 cnm
1075 1182 1244 1232 adiret
1269 1200 1282 1232 :
1317 1182 1456 1234 fama

387 1267 665 1326 atrumque
681 1268 950 1326 sequente.
988 1263 1214 1312 Pit-hena.
1264 1262 1328 1313 Id
1352 1271 1452 1326 est,

386 1338 551 1387 sicubi
570 1346 724 1402 esset,
744 1341 924 1390 aiebat
941 1355 1053 1390 esse
1072 1355 1128 1389 se
1145 1342 1457 1407 Agrippam,

386 1418 443 1461 et
480 1412 770 1478 Agrippam
795 1430 993 1476 verum,
1014 1430 1228 1480 eamque
1263 1416 1453 1467 famam

386 1488 458 1538 ibi
498 1492 863 1556 relinquebat:
910 1493 992 1541 vel
1038 1492 1080 1541 si
1122 1492 1345 1541 nondum
1391 1508 1454 1543 eo

385 1568 720 1630 pervasisset,
761 1583 858 1632 per
902 1582 1132 1618 rumores
1171 1569 1456 1633 praevenie-

381 1641 491 1692 bat.
524 1645 767 1694 Aurelius.
834 1645 956 1695 Non
980 1645 1103 1695 satis
1130 1646 1300 1708 capio.
1369 1646 1452 1694 Li-

383 1724 470 1767 cet
493 1718 629 1768 enim
664 1727 945 1785 utcumque
970 1720 1231 1783 explicare
1252 1720 1344 1769 sim
1370 1735 1453 1769 co-

384 1800 560 1855 natus,
582 1795 731 1844 video
755 1803 930 1845 tamen
966 1797 1019 1844 in
1050 1796 1155 1858 liis,
1180 1811 1299 1860 quae
1326 1804 1453 1845 tam-

386 1882 539 1931 quam
562 1869 760 1919 diversa
776 1879 1152 1935 proponuntur,
1163 1879 1250 1919 aut
1262 1871 1453 1920 nullam

384 1945 592 1994 omnino
616 1943 985 2009 differentiam,
1013 1952 1102 1994 aut
1119 1953 1263 1995 certe
1280 1953 1453 2010 perte·

384 2031 541 2068 nnem
562 2034 691 2071 esse.
758 2021 895 2071 Nam
919 2035 1011 2069 oro
1037 2027 1107 2084 te,
1127 2022 1214 2087 qui
1230 2022 1454 2085 relinquit

370 2094 579 2158 saum,
619 2111 789 2146 nonne
829 2097 968 2146 idem
1004 2097 1257 2161 proerenit,
1290 2104 1343 2146 et
1365 2098 1452 2162 qui

384 2173 666 2236 praeveuit,
709 2171 991 2238 relinquit?
1057 2173 1142 2223 An
1176 2188 1279 2223 uon
1313 2173 1379 2222 ob
1401 2173 1455 2223 id

382 2249 553 2312 ipsum
590 2250 725 2314 quod
768 2250 923 2299 bomo
963 2249 1216 2313 praecedit
1246 2248 1454 2312 famam,

382 2325 474 2373 illa
488 2325 724 2389 sequitur
745 2325 1042 2374 bominem?
1076 2325 1268 2374 Parum
1287 2324 1453 2384 abest,

381 2407 443 2449 nt
465 2398 692 2450 referam
714 2400 831 2449 baec
854 2401 995 2449 inter
1027 2401 1255 2472 argutias
1295 2400 1456 2450 nimia

383 2476 680 2526 subtilitate
705 2490 885 2537 vanas,
905 2476 1083 2539 quales
1116 2477 1165 2524 in
1201 2475 1301 2526 hoc
1334 2490 1454 2527 auc-

379 2559 495 2601 tore
517 2552 688 2602 Savile
721 2552 844 2602 alibi
877 2552 1242 2616 reprehendit:
1277 2558 1336 2602 ut
1357 2553 1454 2603 hoc

384 2643 451 2678 ex
478 2629 550 2678 H.
573 2643 612 2680 ι.
634 2634 686 2679 4.
718 2629 734 2657 ‘
754 2636 815 2679 nt
834 2643 940 2679 non
961 2628 1114 2678 modo
1127 2643 1277 2679 casus
1301 2644 1453 2679 even·

380 2712 573 2770 tuaque
592 2721 762 2756 rerum
782 2726 796 2768 ;
815 2707 905 2772 qui
924 2707 1227 2772 plerumque
1244 2705 1453 2757 fortuiti

382 2791 539 2842 sunt3
561 2782 651 2832 sed
679 2784 811 2832 ratio
830 2783 989 2832 etiam
1014 2797 1312 2849 caussaeque
1337 2798 1453 2834 nos-

383 2858 606 2908 cantur!
670 2859 945 2912 Quomodo
983 2858 1122 2908 enim
1157 2865 1249 2907 aut
1270 2858 1454 2908 fortul-

382 2940 557 2983 torum
614 2949 813 2985 caussa»,
874 2935 1005 2984 tradi
1055 2944 1304 2999 possuut3
1363 2941 1453 2986 aut

382 3024 600 3074 quornm
659 3025 855 3060 caussae
912 3016 1127 3073 possunt
1170 3009 1325 3073 tradi,
1367 3010 1454 3059 lia-

384 3085 500 3136 beri
518 3101 613 3150 pro
630 3086 895 3136 fortuitis?
923 3085 1286 3135 P'reiuslteutias.
1319 3086 1452 3135 Sane

385 3162 619 3211 cavillari
641 3163 765 3212 licet
788 3168 957 3213 totum
980 3161 1135 3212 diem.
1202 3163 1315 3227 Ego
1334 3177 1454 3214 vero

385 3251 453 3286 ne
472 3238 684 3288 Savillio
710 3238 920 3302 quidem
944 3238 1030 3302 jus
1071 3236 1229 3288 fuisse
1270 3253 1456 3289 censeo

386 3314 489 3364 ista
511 3313 672 3363 verba
693 3312 1133 3378 improbandi,·ut
1156 3312 1291 3363 iufra
1314 3315 1456 3364 vide-

386 3390 571 3441 bimus.
635 3392 824 3440 ‘Potum
851 3398 1024 3439 autem
1044 3391 1365 3455 interpretor
1386 3391 1455 3442 de

388 3469 551 3531 abitu,
588 3469 747 3533 idque
786 3467 1029 3532 praecipit
1067 3467 1180 3531 ipse
1213 3467 1453 3530 Tacitus,

385 3559 503 3594 cnm
524 3545 630 3594 ait:
654 3545 669 3572 ‘
694 3558 865 3610 neque
889 3542 1085 3592 diutins
1107 3543 1290 3593 iisdem
1310 3544 1456 3608 locis,

385 3620 476 3669 sed
495 3627 585 3670 ant
602 3619 933 3684 relinquebat
947 3624 1037 3667 sut
1053 3619 1407 3683 praeveniebat
1421 3620 1453 3670 ε’

387 3694 508 3759 quid
526 3694 735 3758 fecerit,
750 3700 951 3756 narrat,
964 3695 1014 3743 in
1032 3696 1290 3746 mutandis
1304 3697 1454 3748 locis.

386 3772 500 3821 Etsi
521 3780 693 3822 autem
727 3773 992 3835 relinquere
1025 3772 1285 3822 interdum
1329 3774 1455 3824 dici·

387 3862 521 3910 mur,
567 3848 813 3914 quicquid
856 3854 974 3911 post
1010 3854 1212 3913 tergum
1254 3857 1334 3901 est
1369 3853 1453 3900 vel

386 3925 547 3986 venit,
609 3924 822 3989 proprie
892 3930 1059 3974 tamen
1115 3928 1452 3991 relinquimus

389 4001 525 4066 quod
563 4001 830 4050 nobiscum
877 3999 995 4065 fuit,
1049 4010 1138 4053 ant
1177 4004 1312 4069 quod
1340 4005 1453 4068 jam

388 4077 552 4135 adest,
570 4091 685 4127 cum
710 4078 777 4126 ab
802 4091 865 4126 eo
887 4076 1192 4129 discedimus
1217 4096 1231 4140 ;
1257 4095 1453 4144 praeve-

386 4155 549 4204 nimus
563 4155 616 4204 id
638 4153 778 4218 qnod
791 4153 1014 4203 nondum
1030 4155 1197 4218 adest,
1210 4171 1299 4206 seu
1314 4158 1452 4222 quod

385 4239 506 4297 pest
535 4247 626 4282 nos
650 4233 863 4282 demum
891 4231 1086 4283 existit.
1155 4234 1273 4284 Hoc
1293 4236 1453 4298 igitur

388 4309 479 4374 ait,
506 4308 684 4360 abibat
719 4308 807 4358 vel
832 4320 949 4358 cum
971 4307 1287 4376 inciperetur
1309 4325 1453 4375 spar-

2428 411 2603 489 3845

1535 573 1605 637 gi,
1625 573 1710 623 vel
1744 574 2037 641 priusquam
2068 584 2403 642 spargeretur
2424 594 2599 631 rumor

1532 663 1651 698 eum
1664 650 1865 701 adesse.
1922 652 2208 704 Gronovius.

1598 725 1729 775 Car.
1751 730 1835 776 40.
1873 729 2059 777 Ostiam
2089 730 2327 779 intectum
2346 732 2599 782 multitudo

1527 800 1698 863 iugens
1717 802 2005 866 celebrabat]
2038 804 2316 855 Crederem
2341 807 2383 854 si
2408 805 2600 871 adjice-

1531 886 1679 928 retur
1709 879 1869 942 famu‚
1891 891 2092 942 rumore,
2124 896 2348 944 sermone,
2398 882 2602 934 vocibus.

1533 952 1670 1003 Nam
1703 955 1826 1005 mihi
1869 957 1994 1005 nibil
2043 958 2378 1022 exploratius,
2428 974 2600 1024 quam,

1532 1043 1682 1095 quem
1701 1032 1955 1081 multitado
1976 1034 2205 1083 celebrare
2219 1034 2390 1096 iugens
2406 1034 2599 1086 (licitur

1529 1105 1818 1170 veteribus,
1836 1123 1952 1158 eum
1969 1125 2205 1173 magnam
2221 1111 2426 1161 turbam
2445 1112 2604 1162 comi·

1531 1187 1658 1246 tum,
1679 1184 2147 1250 anteambulonum,
2179 1194 2495 1238 sectatorum
2519 1203 2600 1239 se·

1528 1271 1647 1307 eum
1666 1261 1870 1311 trahere
1887 1262 2128 1326 intelligi.
2195 1265 2306 1315 Cic.
2330 1281 2426 1329 pro
2449 1267 2598 1317 Sext.

1526 1334 1542 1361 ‘
1564 1334 1679 1384 Viae
1702 1338 2032 1389 multitudine
2055 1340 2342 1403 legatorum
2367 1342 2596 1408 undique

1526 1410 1798 1461 missorum
1845 1414 2280 1466 celebrabantur!
2348 1416 2433 1467 Ad
2482 1418 2598 1469 Att.

1527 1500 1607 1535 w.
1650 1491 1696 1536 1.
1728 1488 1743 1515 ‘
1765 1489 1955 1538 Similis
1994 1490 2288 1555 frequentia
2319 1507 2401 1543 me
2432 1510 2597 1560 usque

1527 1563 1594 1611 ad
1618 1564 1929 1629 Capitolium
1953 1567 2279 1617 celebravit!
2327 1569 2444 1621 Lib.
2468 1584 2505 1619 1.
2528 1569 2598 1621 de

1531 1638 1692 1690 Orat.
1726 1641 1742 1668 ‘
1771 1642 1948 1691 Testis
1970 1649 2050 1691 est
2065 1644 2281 1707 hujusce
2326 1646 2393 1698 Q.
2432 1647 2598 1698 Mucii

1516 1713 1678 1776 janua
1697 1720 1852 1780 atque
1870 1717 2200 1781 vestibulum,
2216 1720 2352 1783 quod
2371 1722 2599 1773 maxima

1529 1789 1762 1854 qnotidie
1801 1790 2097 1855 frequentia
2131 1795 2319 1844 civium
2366 1798 2598 1848 celebra·

1531 1864 1651 1913 tur.'
1715 1865 1880 1914 Plane
1922 1867 1996 1915 sic
2036 1874 2092 1916 et
2118 1869 2328 1918 'l'acitus
2354 1871 2604 1937 loquitur,

1527 1951 1829 2005 narratque,
1842 1942 1990 1992 simul
2007 1958 2260 2008 egressus,
2275 1949 2374 1997 &c.
2410 1946 2440 1976 ⁴⁸
2456 1961 2599 2000 χιιι.

1528 2015 1705 2078 lapide
1731 2016 1799 2065 ab
1821 2017 1948 2067 urbe
1973 2018 2170 2071 distare
2210 2021 2417 2072 Ostiam
2451 2039 2600 2075 acce-

1528 2094 1630 2157 pit,
1653 2094 1854 2158 opinor,
1894 2096 2277 2148 Freinshemius
2298 2114 2329 2148 e
2351 2109 2599 2166 corrupto

1528 2168 1800 2220 Strabonis
1817 2173 1948 2234 loco,
1984 2187 2102 2222 cum
2125 2179 2206 2223 tot
2228 2175 2314 2225 alii
2337 2183 2597 2241 auctores,

1531 2246 1737 2310 tabulae,
1767 2247 2034 2297 itineraria
2064 2262 2180 2299 xv1.
2206 2250 2413 2316 quidam
2437 2253 2597 2302 etlam

1531 2334 1661 2372 xm.
1705 2323 1932 2373 millibus
1985 2325 2217 2376 contenti
2273 2327 2395 2377 sint.
2460 2328 2596 2379 Vide

1510 2398 1845 2461 ,Cluverium.
1889 2401 2189 2452 Gronovius.

1596 2474 1796 2523 Servum
1847 2491 1981 2525 uum
2034 2477 2288 2541 coerceret]
2354 2480 2596 2532 Muretus

1528 2565 1666 2614 suum
1691 2553 1857 2602 deleri
1894 2555 2073 2617 voluit,
2097 2555 2233 2620 quod
2258 2555 2454 2607 refutat
2477 2559 2598 2623 Lip-

1531 2628 1654 2693 sius,
1690 2643 1964 2693 suppresso
1999 2632 2204 2680 nomine
2243 2638 2299 2682 et
2332 2632 2443 2697 ipsa
2478 2648 2599 2684 con·

1519 2705 1754 2768 jectura,
1767 2712 1970 2755 tantum
1987 2714 2183 2756 rectum
2200 2722 2315 2757 esse
2328 2709 2598 2773 vulgatum

1531 2782 1690 2832 aiens.
1759 2783 1828 2831 Et
1869 2788 1950 2832 est
1995 2782 2136 2833 forte
2173 2790 2393 2835 rectum.
2461 2786 2594 2836 Mihi

1528 2865 1701 2908 tamen
1726 2873 1826 2908 non
1859 2860 2163 2910 inconcinne
2193 2874 2261 2909 ex
2289 2862 2595 2913 mmscribl

1526 2949 1680 2999 posse
1698 2936 1864 2985 statim
1882 2936 2185 2985 videbatur:
2203 2935 2340 3001 quod
2360 2937 2596 3000 profecto

1526 3010 1680 3059 valde
1703 3011 1768 3059 ad
1792 3012 1892 3061 loci
1909 3012 2245 3074 sententiam,
2267 3011 2311 3062 si
2328 3016 2598 3078 sequentia

1528 3085 1690 3135 verba
1707 3087 1954 3149 pensitas.
2006 3087 2269 3136 Acidalius.

1594 3163 1743 3212 Modo
1762 3163 1885 3211 nihil
1907 3163 2238 3227 sperneudmn]
2286 3164 2423 3214 Nam
2443 3172 2501 3215 ut
2523 3172 2597 3215 te-

1528 3238 1644 3287 nuis
1678 3238 1923 3303 scintilla,
1965 3239 2010 3288 si
2042 3239 2095 3288 iu
2128 3239 2400 3290 materiam
2433 3239 2500 3290 ad
2523 3241 2595 3304 ig-

1527 3327 1647 3363 nem
1662 3315 2061 3379 concipiendum
2076 3315 2315 3365 idoneam
2333 3315 2596 3380 inciderit,

1528 3402 1772 3453 magnum
1808 3391 2106 3441 incendium
2145 3392 2359 3455 excitat,
2410 3393 2486 3442 sic
2526 3408 2595 3443 ex
2641 3446 2648 3450 ,

1528 3467 1674 3515 tenni
1713 3474 1770 3517 et
1803 3468 1994 3531 exiguo
2025 3468 2276 3533 principio
2296 3482 2496 3532 maguae
2518 3470 2596 3519 in·

1529 3542 1735 3592 terdum
1777 3544 1945 3593 turbae
1991 3559 2053 3594 ac
2088 3544 2369 3598 seditiones
2400 3548 2596 3598 exoriri

1528 3619 1719 3670 solent.
1770 3620 2008 3670 Muretus.

1595 3694 1740 3743 Modo
1782 3709 1875 3744 non
1913 3694 2070 3744 omniu
2095 3697 2376 3766 'metuenduJ
2445 3699 2596 3750 Que-

1526 3771 1644 3821 dani
1669 3773 1806 3821 enim
1847 3787 1962 3837 quae
1996 3779 2300 3838 contempta
2322 3789 2597 3824 evanesce-

1524 3855 1660 3912 rent,
1690 3849 1946 3899 iuterdum
1962 3863 2024 3899 eo
2037 3850 2150 3914 ipso
2170 3857 2434 3915 crescunt,
2453 3849 2594 3916 quod

1525 3939 1630 3975 non
1653 3926 2004 3989 negliguntur.
2061 3927 2300 3978 Μινώα.
2615 3989 2626 4002 ·

1592 4002 1859 4064 Ambigatus
1898 4003 2113 4066 pudoris]
2164 4003 2424 4066 Pudebat,
2454 4003 2595 4056 servi

1525 4093 1700 4141 eausa,
1722 4078 2056 4128 commoveri.
2121 4079 2300 4129 Metus
2324 4085 2456 4137 erat,
2494 4080 2595 4129 nisi

1523 4155 1716 4203 malurn
1731 4168 1946 4205 nascens
1963 4155 2362 4219 opprimeretur,
2382 4168 2450 4203 ne
2474 4168 2594 4204 con-

1525 4233 1833 4281 valesceret.
1894 4230 2177 4295 Principiis
2193 4230 2500 4282 obstandum
2516 4246 2595 4283 es-

1524 4323 1602 4375 se,
1621 4307 1813 4362 medici
1834 4306 2043 4359 docent.
2073 4310 2339 4362 ,Mai-etita.
