3050 4867
548 377 732 446 4:274

553 532 771 597 garum!
815 533 885 584 Et
907 532 1042 583 idem
1066 537 1168 595 est,
1184 547 1245 583 ac
1263 533 1306 583 si
1323 532 1620 597 scripsisset

549 608 927 676 honor-{fionius
963 608 1128 658 bom
1158 607 1438 671 prinoipem.
1491 609 1621 657 Sen-

551 686 722 742 tentia
764 700 906 749 vero,
961 684 1196 735 Helvidii
1249 682 1399 734 fuere
1440 682 1619 733 laudes

551 761 866 814 adulationis
926 767 1186 824 expertes,
1257 775 1372 826 quae
1429 760 1619 810 bonum

555 839 846 903 principem
878 838 1099 888 Senatus
1129 838 1396 899 decerent,
1417 845 1473 887 et
1500 851 1619 900 qun

553 929 590 964 n
626 914 812 966 Prisco
855 912 1054 964 effundi
1103 928 1196 977 psr
1246 921 1381 974 erat,
1417 914 1506 978 qui
1547 918 1562 941 ⁴
1587 926 1617 961 e

549 989 786 1040 :notibus
807 990 974 1042 soceri
995 990 1122 1042 nibil
1153 1002 1303 1054 aeque
1326 1002 1387 1037 ac
1409 987 1620 1037 liberta-

553 1073 661 1115 tem
691 1065 897 1118 bausit?
927 1064 1003 1115 At
1042 1080 1073 1114 a
1112 1064 1435 1128 Vespasiano
1479 1077 1621 1127 aegre

551 1147 788 1204 seceptoe
820 1147 958 1204 sunt,
1000 1140 1088 1205 qui
1131 1141 1253 1189 licet
1297 1140 1313 1167 ⁴
1336 1139 1509 1189 civilia
1553 1137 1619 1188 de

550 1229 608 1267 se
672 1223 728 1266 et
791 1215 924 1280 rep!
987 1222 1158 1265 tamen
1216 1218 1231 1243 ‘
1257 1222 1316 1264 ut
1375 1214 1620 1278 princeps

551 1291 904 1358 loquebatur!
968 1292 1140 1342 Sensit
1171 1291 1324 1341 aliter
1340 1291 1620 1340 Suetonius

552 1368 717 1433 vesp.
763 1374 847 1419 15.
876 1368 942 1418 de
987 1367 1189 1430 Prisco,
1222 1366 1312 1416 sed
1347 1366 1620 1416 Cornelius

554 1444 807 1509 ejusmodi
829 1445 1054 1494 virorum
1078 1442 1376 1508 precipuus
1410 1448 1492 1493 est
1510 1440 1622 1492 fau·

551 1528 656 1582 tor.
722 1519 917 1570 Verum
939 1519 1167 1570 Picbena
1190 1532 1369 1569 causas
1383 1516 1624 1568 offensio-

551 1595 635 1648 nis
659 1595 773 1660 ejus
794 1609 881 1646 eas
917 1594 1073 1646 fuisse
1109 1602 1282 1660 putat,
1308 1609 1426 1659 quse
1451 1600 1570 1658 post
1588 1607 1623 1644 a

558 1671 802 1722 Cornelio
841 1679 1182 1723 recensentur
1221 1688 1235 1721 ε
1276 1685 1463 1735 nempe
1504 1671 1619 1734 ejus

552 1750 862 1804 seutentiam
905 1765 1062 1814 super
1138 1748 1413 1811 legatione,
1469 1759 1625 1810 super

554 1832 837 1890 pratorum
857 1824 1216 1889 postulatione,
1243 1837 1500 1887 superque
1526 1823 1624 1873 Ca·

554 1900 725 1972 pitolii
763 1903 1112 1954 restitutione.
1177 1899 1486 1951 Dissentio:
1533 1901 1624 1964 qui

555 1979 696 2029 enim
716 1992 892 2028 verum
927 1977 1097 2027 esset?
1135 1979 1151 2006 ‘
1172 1974 1303 2025 fslsa
1325 1976 1545 2025 aberant
1566 1983 1623 2025 et

555 2053 744 2104 studiis
804 2061 1014 2104 senatus
1068 2051 1473 2102 attollebantur!
1536 2052 1625 2102 De

551 2128 819 2191 legatione
862 2129 1001 2178 euim
1025 2126 1286 2190 scribitur,
1321 2127 1338 2156 ‘
1358 2127 1482 2177 vicit
1503 2140 1624 2190 pars

557 2217 673 2268 quae
713 2203 885 2253 sortiri
928 2204 1129 2268 legatos
1176 2203 1425 2266 malebat,
1466 2202 1624 2253 etiarn

554 2279 739 2332 mediis
780 2287 984 2344 patrum
1022 2280 1375 2331 annitentibus
1395 2280 1624 2330 retinere

554 2354 788 2406 rnorem)
855 2355 936 2407 De
954 2355 1300 2420 postulatione
1318 2357 1332 2384 ‘
1354 2353 1626 2406 Vulcatius

467 2435 472 2443 '
553 2430 869 2483 Tertullinus
904 2431 1141 2482 tribunus
1176 2430 1341 2496 plebis
1374 2431 1626 2481 interces-

555 2506 646 2567 sit,
669 2522 734 2558 ne
756 2506 880 2573 quid
923 2522 1081 2570 super
1118 2513 1264 2557 tanta
1304 2522 1361 2556 re
1386 2507 1625 2572 principe

556 2585 776 2635 absente
809 2582 1165 2634 statueretur.'
1228 2582 1415 2646 Itaque
1456 2582 1625 2631 incer·

556 2664 687 2722 nim,
710 2659 968 2722 placitura
990 2657 1190 2709 senatui
1215 2656 1404 2707 fuisset
1433 2670 1532 2707 nec
1557 2669 1624 2706 ne

556 2734 731 2797 Crispi
768 2734 1045 2785 sententia.
1134 2735 1216 2783 De
1271 2734 1624 2796 restitutione,

554 2812 572 2840 ‘
595 2825 711 2861 eam
733 2810 1044 2860 sententiam
1065 2808 1467 2859 modestissimus
1488 2809 1624 2873 quis·

556 2902 659 2952 que
696 2886 922 2946 silentio,
956 2884 1147 2935 deinde
1170 2883 1363 2934 oblivio
1386 2885 1623 2933 transmi-

553 2960 660 3014 sit.'
705 2961 990 3012 &liner-ius.
1057 2959 1282 3011 Nebulae
1325 2960 1453 3009 satis
1496 2959 1621 3009 den-

552 3051 628 3089 sae
653 3038 773 3088 huic
801 3039 937 3088 loco.
1001 3035 1310 3101 Dispensat,
1339 3035 1623 3098 transposi-

555 3119 613 3164 ta
635 3115 844 3164 minima
865 3114 1048 3163 vocula
1061 3130 1077 3162 :
1116 3112 1318 3176 mansit
1338 3112 1624 3161 urentium

553 3188 874 3254 honorificam,
922 3192 975 3238 ut
1021 3190 1074 3237 in
1116 3187 1285 3238 bonum
1334 3186 1619 3252 principem.

557 3265 719 3317 Quasi
754 3265 953 3325 innuat,
985 3278 1086 3312 non
1128 3278 1274 3316 more
1310 3278 1400 3312 suo
1434 3262 1620 3313 fecisse

555 3339 880 3414 Helvidium,
917 3339 1006 3404 qui
1043 3339 1171 3389 alias
1209 3339 1520 3389 sententiam
1567 3338 1622 3387 in

557 3423 743 3467 senatu
785 3416 911 3466 satis
949 3415 1108 3466 libere
1140 3427 1420 3478 severeque
1443 3413 1620 3463 dicere

558 3491 740 3544 solitus
761 3497 921 3553 esset,
941 3487 1197 3555 quondam
1237 3489 1404 3538 soceri
1427 3490 1502 3538 sui
1527 3502 1620 3539 ex·

556 3566 747 3629 emplo.
810 3565 1127 3630 vespesiano
1173 3578 1297 3613 sane
1335 3577 1439 3614 non
1471 3564 1621 3615 nimis

555 3641 777 3694 amicum
794 3640 981 3692 vixisse
1005 3639 1241 3690 Priscum
1263 3640 1409 3689 illum
1433 3638 1621 3691 doceat

557 3718 812 3783 xiphilin.
837 3725 893 3766 et
917 3716 1032 3768 vide
1056 3717 1277 3767 Sueton.·
1308 3721 1366 3765 et
1392 3715 1617 3765 Plinium

555 3794 779 3860 quadam
812 3793 1040 3858 epistola
1088 3791 1154 3841 de
1203 3791 1302 3842 boc
1353 3789 1618 3841 Helvidio.

560 3872 770 3922 Cotem.
835 3870 1024 3921 Placet
1063 3868 1207 3930 mibi,
1247 3866 1385 3932 quod
1430 3865 1621 3917 Rodol·

554 3950 657 4016 pho
682 3949 932 4013 placuisse
951 3955 1097 3998 notat
1119 3946 1324 4012 Lipsius
1350 3963 1363 3994 :
1405 3946 1494 3995 sed
1533 3960 1622 3998 vo·

555 4043 671 4086 cem
712 4027 1048 4078 &tenebantur
1090 4033 1147 4078 et
1190 4039 1306 4076 cum
1333 4038 1398 4074 ea
1417 4038 1623 4074 sensum

554 4102 745 4153 leviter
781 4108 940 4165 muto,
962 4107 1020 4152 ut
1047 4099 1173 4151 fiat:
1219 4100 1416 4163 promsit
1437 4103 1624 4150 oenten-

556 4178 698 4240 βίαι,
714 4183 770 4227 nt
789 4178 1091 4243 lio-orfimas
1112 4176 1163 4224 in
1185 4175 1350 4225 bonum
1361 4174 1625 4238 principem

559 4247 786 4324 {infulsa
823 4251 1035 4308 damst.
1112 4253 1185 4308 Et
1224 4250 1401 4304 auidiis
1438 4255 1628 4308 mulus

1161 398 1174 411 '
1251 392 1471 442 NOTAE
1517 387 1924 441 vAmoRuss
1978 390 2065 440 Πῐ
2174 397 2180 404 ’

1692 531 2013 583 dimi-r.
2072 530 2143 581 Id
2164 530 2371 582 initium
2387 528 2596 581 offensas
2612 525 2757 580 Pris-

1695 624 1759 660 oo
1810 608 1933 674 fuit,
1985 611 2125 674 quod
2177 611 2490 660 seutentiam
2543 608 2759 659 dixisset

1694 702 1929 737 severam
1983 694 2041 737 et
2095 687 2404 737 adulatiouls
2454 689 2755 750 expertem:

1695 763 1882 814 deinde
1903 763 2040 830 quod
2063 763 2130 812 ob
2149 762 2199 812 id
2215 763 2380 826 ipsum
2398 761 2593 826 magnis
2610 773 2759 809 sena·

1696 848 1780 891 tus
1822 840 2060 890 laudibus
2094 854 2157 890 ac
2186 837 2367 889 favore
2390 839 2760 889 celebraretur.

1698 917 1915 966 Grotius.
1978 917 2207 966 Tantum
2229 917 2397 964 locum
2419 915 2495 964 ita
2526 913 2760 974 forment,

1694 1000 1749 1044 ue
1769 995 2070 1061 honorificans
2089 996 2143 1043 in
2181 993 2349 1044 bonnm
2381 993 2665 1059 principem,
2683 994 2760 1046 itu

1684 1070 2027 1131 fam-bnans
2048 1088 2065 1121 .·
2100 1077 2145 1121 et
2177 1072 2370 1134 studiis,
2399 1073 2481 1133 ξε.
2505 1070 2759 1134 quomodo

1697 1146 1848 1197 video
1883 1153 1939 1196 et
1992 1147 2115 1195 olim
2171 1145 2433 1210 placuisse
2478 1144 2760 1208 Rodolpbo

1693 1221 1998 1287 Agricola:
2040 1237 2335 1288 quanquam
2375 1220 2647 1273 dissentiat
2684 1221 2763 1270 vir

1696 1298 1908 1349 doctiss.
1948 1300 2035 1365 qui
2073 1313 2175 1349 non
2221 1304 2371 1364 putat
2424 1296 2622 1361 expleri
2663 1297 2761 1347 boe

1696 1373 1848 1423 modo
1887 1376 2213 1425 sententiam.
2279 1376 2393 1437 Ego
2435 1382 2609 1423 autem
2632 1372 2761 1422 nibil

1696 1448 1877 1499 deesse
1894 1449 2149 1500 arbitrer:
2184 1449 2281 1499 boe
2304 1449 2439 1499 enim
2460 1449 2592 1512 vult,
2611 1449 2761 1497 bono·

1694 1523 1891 1574 rificam
1916 1522 2076 1576 fuisse
2093 1524 2379 1576 orationem
2411 1523 2672 1586 Marcelli,
2703 1530 2765 1573 ut

1697 1600 1752 1649 iu
1775 1598 1966 1649 bonum
1983 1600 2288 1665 principem,
2308 1614 2423 1648 cum
2447 1605 2587 1649 esset
2600 1599 2763 1649 laudis

1696 1675 1955 1726 materia.
1941 1691 1955 1705 ·
1990 1690 2086 1727 nec
2105 1683 2279 1726 tamen
2299 1674 2657 1735 adulatoriam,
2670 1673 2763 1723 sed

1699 1750 1923 1803 abfuisse
1940 1749 2085 1802 falsa.
2154 1752 2271 1803 Nec
2286 1757 2386 1812 est,
2403 1757 2462 1801 ut
2480 1764 2633 1815 quem
2656 1765 2764 1800 mo·

1698 1836 1822 1879 vest
1841 1828 1944 1879 ista
1984 1827 2226 1893 loquendi
2251 1827 2415 1877 ratio·
2452 1832 2507 1875 at
2544 1825 2765 1891 innorm-

1698 1920 1803 1954 cum
1840 1906 1892 1955 in
1924 1905 2091 1954 bonum
2108 1904 2386 1966 principem,
2407 1902 2478 1951 ita
2505 1900 2638 1961 salsa
2659 1901 2765 1950 ube·

1698 1986 1828 2030 ms.
1881 1980 2021 2030 Nam
2059 1988 2115 2029 et
2147 1980 2248 2028 alia
2279 1976 2572 2042 hujusmodi
2610 1991 2766 2043 supra

1699 2056 1765 2106 ad
1790 2069 1855 2106 ιι.
1878 2060 1930 2106 ⁷.
1949 2054 2259 2106 notavimus.
2313 2049 2535 2104 Fui-⁸11.

1764 2132 1949 2180 Studiis
1967 2136 2155 2181 senatus
2173 2128 2499 2191 mouebatur]
2538 2128 2626 2178 Sic
2651 2142 2765 2178 rec·

1700 2206 1803 2256 tius
1827 2206 1987 2258 visum
2027 2220 2093 2256 ex
2128 2207 2271 2256 Flor.
2305 2220 2456 2269 quam
2494 2211 2553 2255 ut
2589 2206 2766 2269 vulgo,

1697 2280 2047 2345 attollebantur,
2068 2290 2128 2331 ut
2165 2282 2231 2331 ad
2273 2280 2574 2331 Helvidium
2592 2281 2764 2347 ipsum

1699 2356 1974 2409 referatur.
2039 2358 2269 2407 Pictum.

1764 2433 1906 2497 loque
1924 2433 2186 2496 precipuus
2207 2434 2279 2483 illi
2295 2433 2397 2482 dies
2416 2447 2602 2496 magne
2618 2431 2765 2496 offen-

1696 2507 1786 2572 κε]
1818 2509 2097 2573 Superiora
2118 2507 2277 2559 verba
2301 2509 2504 2573 integra
2523 2523 2639 2558 esse
2660 2522 2761 2558 non

1699 2585 2117 2635 asseveraverim.
2184 2583 2337 2636 Quod
2360 2592 2535 2633 autem
2557 2584 2764 2646 Lipsius

1699 2662 1903 2725 quaerit,
1936 2660 2059 2727 quid
2084 2661 2170 2723 sit,
2191 2662 2244 2709 in
2269 2676 2369 2724 quo
2394 2659 2667 2710 Helvidius
2688 2657 2766 2708 of-

1696 2732 1963 2797 fenderim
2014 2736 2137 2785 mibi
2183 2733 2390 2784 videtur
2430 2735 2483 2783 in
2526 2733 2609 2797 iis,
2647 2749 2763 2802 qum

1695 2808 1909 2860 inferius
1946 2809 2358 2874 perscribuntur.
2421 2809 2616 2874 Primo,
2647 2823 2764 2859 cum

1697 2884 1838 2949 eligi,
1869 2898 1970 2935 non
1995 2884 2190 2942 sortiri,
2210 2885 2310 2933 ἃς.
2345 2882 2375 2910 '¹
2408 2883 2633 2932 Picheau.

1764 2961 1896 3009 Cu».
1938 2966 1987 3010 6.
2058 2960 2217 3008 Italia·
2249 2961 2466 3023 septima,
2497 2961 2767 3010 Tarracina

1696 3035 1985 3100 municipio}
2036 3036 2207 3087 Locus
2247 3049 2345 3086 nec
2380 3036 2543 3084 bonus
2565 3048 2663 3084 uec
2682 3034 2768 3083 fir-

1697 3127 1829 3174 mus,
1863 3111 1929 3161 de
1964 3110 2252 3161 firmissimo
2273 3112 2395 3160 viro.
2461 3110 2600 3160 Nam
2623 3110 2768 3160 libris

1698 3187 1843 3237 abest
1864 3201 1985 3248 vox,
2008 3187 2237 3252 septima.-
2289 3200 2442 3250 quam
2474 3200 2570 3235 nos
2592 3192 2765 3235 tamen

1697 3262 2023 3324 inseruimus,
2042 3261 2318 3312 sententiae
2359 3268 2640 3324 utcumque
2672 3259 2773 3311 ful·

1699 3339 1918 3402 ciendae,
1939 3338 2372 3388 admonitionibus
2408 3336 2676 3386 Vertranii
2710 3344 2769 3387 et

1696 3415 1944 3466 Ferretti.
1990 3414 2190 3466 Scimus
2213 3414 2350 3463 enim
2372 3413 2598 3476 Italiam,
2619 3415 2717 3463 dcc.
2736 3412 2767 3441 ⁶

1698 3493 1912 3555 Lipsius.

1763 3567 1977 3630 Regione
2000 3566 2182 3629 Italia,
2199 3566 2472 3616 Tarracina
2489 3564 2770 3632 municipio]

1696 3641 1921 3693 'Veteres
1960 3641 2081 3691 libri
2119 3642 2301 3705 legunt
2338 3641 2555 3702 Reginae
2591 3641 2771 3704 ledia,

1697 3717 1837 3768 nullo
1874 3727 2085 3781 prorsus
2125 3721 2354 3777 numero,
2389 3715 2476 3779 qui
2514 3713 2771 3764 discrimi

1694 3799 1808 3854 net,
1853 3791 2051 3855 addito,
2104 3799 2161 3842 et
2205 3791 2473 3842 Tarracina
2516 3790 2771 3855 municipio

1698 3868 1858 3919 dubia
1881 3870 2158 3956 scriptura,
2196 3882 2562 3933 nonnunquam
2589 3869 2771 3917 Turen-

1696 3944 1851 3995 tim
1870 3944 2176 4008 municipum,
2211 3943 2471 3992 interdum
2497 3942 2771 3993 Terentino

1697 4024 1922 4088 municip.
1946 4021 2255 4086 quandoque
2279 4029 2333 4069 et
2357 4020 2626 4071 Tarentino.
2674 4021 2771 4071 Sa·

1700 4112 1767 4149 ne
1786 4098 1973 4147 mirum
1997 4098 2237 4147 videatur
2259 4096 2387 4147 adeo
2410 4097 2526 4147 illos
2548 4110 2769 4161 operose

1700 4175 1900 4225 versari
1937 4175 1988 4224 in
2028 4173 2350 4238 designanda
2376 4173 2654 4234 Tarracina,
2683 4186 2773 4223 ce·

1702 4251 1854 4317 lebri,
1876 4249 2115 4320 quodque
2135 4247 2276 4302 fama
2307 4247 2533 4313 ignorari
2553 4262 2659 4302 nun
2677 4261 2774 4315 pa-
