<?xml version="1.0" encoding="UTF-8"?>
<!DOCTYPE html PUBLIC "-//W3C//DTD XHTML 1.0 Transitional//EN"
    "http://www.w3.org/TR/xhtml1/DTD/xhtml1-transitional.dtd">
<html xmlns="http://www.w3.org/1999/xhtml" xml:lang="en" lang="en">
 <head>
  <title>
</title>
<meta http-equiv="Content-Type" content="text/html;charset=utf-8" />
  <meta name='ocr-system' content='tesseract 3.04.00' />
  <meta name='ocr-capabilities' content='ocr_page ocr_carea ocr_par ocr_line ocrx_word'/>
</head>
<body>
  <div class='ocr_page' id='page_1' title='image "./operaomnia07tacigoog_0088.png"; bbox 0 0 3050 4867; ppageno 0'>
   <div class='ocr_carea' id='block_1_1' title="bbox 428 375 603 448">
    <p class='ocr_par' dir='ltr' id='par_1_1' title="bbox 428 375 603 448">
     <span class='ocr_line' id='line_1_1' title="bbox 428 375 603 448; baseline 0 0"><span class='ocrx_word' id='word_1_1' title='bbox 428 375 603 448; x_wconf 77' lang='grc'>3848</span> 
     </span>
    </p>
   </div>
   <div class='ocr_carea' id='block_1_2' title="bbox 430 540 1497 608">
    <p class='ocr_par' dir='ltr' id='par_1_2' title="bbox 430 540 1497 608">
     <span class='ocr_line' id='line_1_2' title="bbox 430 540 1497 608; baseline -0.004 -15"><span class='ocrx_word' id='word_1_2' title='bbox 430 544 487 594; x_wconf 82' lang='lat' dir='ltr'><strong>di</strong></span> <span class='ocrx_word' id='word_1_3' title='bbox 510 541 715 608; x_wconf 87' lang='lat' dir='ltr'><strong>quidem</strong></span> <span class='ocrx_word' id='word_1_4' title='bbox 740 540 949 607; x_wconf 84' lang='lat' dir='ltr'><strong>egregie</strong></span> <span class='ocrx_word' id='word_1_5' title='bbox 965 541 1165 592; x_wconf 84' lang='lat' dir='ltr'><strong>occasio</strong></span> <span class='ocrx_word' id='word_1_6' title='bbox 1182 541 1233 591; x_wconf 91' lang='lat' dir='ltr'><strong>in</strong></span> <span class='ocrx_word' id='word_1_7' title='bbox 1250 545 1497 606; x_wconf 86' lang='lat' dir='ltr'><strong>quantum</strong></span> 
     </span>
    </p>
   </div>
   <div class='ocr_carea' id='block_1_3' title="bbox 1108 393 1806 444">
    <p class='ocr_par' dir='ltr' id='par_1_3' title="bbox 1108 393 1806 444">
     <span class='ocr_line' id='line_1_3' title="bbox 1108 393 1806 444; baseline -0.001 -1"><span class='ocrx_word' id='word_1_8' title='bbox 1108 393 1353 444; x_wconf 67' lang='lat' dir='ltr'>·N0&#39;1&#39;AE</span> <span class='ocrx_word' id='word_1_9' title='bbox 1399 393 1806 443; x_wconf 72' lang='lat' dir='ltr'><strong>VARmRUM</strong></span> 
     </span>
    </p>
   </div>
   <div class='ocr_carea' id='block_1_4' title="bbox 1859 392 1936 442">
    <p class='ocr_par' dir='ltr' id='par_1_4' title="bbox 1859 392 1936 442">
     <span class='ocr_line' id='line_1_4' title="bbox 1859 392 1936 442; baseline -0.013 0"><span class='ocrx_word' id='word_1_10' title='bbox 1859 392 1936 442; x_wconf 78' lang='lat' dir='ltr'><strong>m</strong></span> 
     </span>
    </p>
   </div>
   <div class='ocr_carea' id='block_1_5' title="bbox 1570 535 2634 600">
    <p class='ocr_par' dir='ltr' id='par_1_5' title="bbox 1570 535 2634 600">
     <span class='ocr_line' id='line_1_5' title="bbox 1570 535 2634 600; baseline -0.007 -11"><span class='ocrx_word' id='word_1_11' title='bbox 1570 544 1684 590; x_wconf 65' lang='lat' dir='ltr'><strong>set!</strong></span> <span class='ocrx_word' id='word_1_12' title='bbox 1725 539 1963 589; x_wconf 63' lang='lat' dir='ltr'><strong>Fert-du.</strong></span> <span class='ocrx_word' id='word_1_13' title='bbox 2029 535 2232 600; x_wconf 79' lang='lat' dir='ltr'><strong>Lipsius</strong></span> <span class='ocrx_word' id='word_1_14' title='bbox 2247 535 2634 596; x_wconf 61' lang='lat' dir='ltr'><strong>munitm-ns-</strong></span> 
     </span>
    </p>
   </div>
   <div class='ocr_carea' id='block_1_6' title="bbox 429 609 2638 682">
    <p class='ocr_par' dir='ltr' id='par_1_6' title="bbox 429 609 2638 682">
     <span class='ocr_line' id='line_1_6' title="bbox 429 609 2638 682; baseline -0.005 -11"><span class='ocrx_word' id='word_1_15' title='bbox 429 622 725 682; x_wconf 76' lang='lat' dir='ltr'><strong>volnerant,</strong></span> <span class='ocrx_word' id='word_1_16' title='bbox 760 619 884 669; x_wconf 86' lang='lat' dir='ltr'><strong>data</strong></span> <span class='ocrx_word' id='word_1_17' title='bbox 919 625 1057 668; x_wconf 87' lang='lat' dir='ltr'><strong>esset</strong></span> <span class='ocrx_word' id='word_1_18' title='bbox 1094 617 1313 682; x_wconf 85' lang='lat' dir='ltr'><strong>miseris,</strong></span> <span class='ocrx_word' id='word_1_19' title='bbox 1344 616 1498 666; x_wconf 87' lang='lat' dir='ltr'><strong>casti-</strong></span> <span class='ocrx_word' id='word_1_20' title='bbox 1560 615 1740 679; x_wconf 70' lang='lat' dir='ltr'><strong>fungiis.</strong></span> <span class='ocrx_word' id='word_1_21' title='bbox 1803 614 1907 664; x_wconf 86' lang='lat' dir='ltr'><strong>Sed</strong></span> <span class='ocrx_word' id='word_1_22' title='bbox 1930 612 2056 663; x_wconf 81' lang='lat' dir='ltr'><strong>nibil</strong></span> <span class='ocrx_word' id='word_1_23' title='bbox 2075 619 2159 663; x_wconf 88' lang='lat' dir='ltr'><strong>est</strong></span> <span class='ocrx_word' id='word_1_24' title='bbox 2180 609 2498 662; x_wconf 82' lang='lat' dir='ltr'><strong>mutandum.</strong></span> <span class='ocrx_word' id='word_1_25' title='bbox 2550 610 2638 659; x_wconf 86' lang='lat' dir='ltr'><strong>ln·</strong></span> 
     </span>
    </p>
   </div>
   <div class='ocr_carea' id='block_1_7' title="bbox 431 694 1499 839">
    <p class='ocr_par' dir='ltr' id='par_1_7' title="bbox 431 694 1499 839">
     <span class='ocr_line' id='line_1_7' title="bbox 431 694 1498 763; baseline -0.006 -16"><span class='ocrx_word' id='word_1_26' title='bbox 431 699 569 763; x_wconf 85' lang='lat' dir='ltr'><strong>gatis</strong></span> <span class='ocrx_word' id='word_1_27' title='bbox 605 697 762 746; x_wconf 82' lang='lat' dir='ltr'><strong>etiam</strong></span> <span class='ocrx_word' id='word_1_28' title='bbox 798 695 1101 760; x_wconf 86' lang='lat' dir='ltr'><strong>quibusdam</strong></span> <span class='ocrx_word' id='word_1_29' title='bbox 1143 694 1291 759; x_wconf 74' lang='lat' dir='ltr'><strong>gravi</strong></span> <span class='ocrx_word' id='word_1_30' title='bbox 1328 707 1498 758; x_wconf 84' lang='lat' dir='ltr'><strong>poena,</strong></span> 
     </span>
     <span class='ocr_line' id='line_1_8' title="bbox 435 770 1499 839; baseline -0.003 -16"><span class='ocrx_word' id='word_1_31' title='bbox 435 776 558 839; x_wconf 84' lang='lat' dir='ltr'><strong>quia</strong></span> <span class='ocrx_word' id='word_1_32' title='bbox 582 772 825 823; x_wconf 70' lang='lat' dir='ltr'><strong>Romanis</strong></span> <span class='ocrx_word' id='word_1_33' title='bbox 859 777 915 820; x_wconf 91' lang='lat' dir='ltr'><strong>et</strong></span> <span class='ocrx_word' id='word_1_34' title='bbox 955 771 1109 820; x_wconf 83' lang='lat' dir='ltr'><strong>armis</strong></span> <span class='ocrx_word' id='word_1_35' title='bbox 1132 776 1189 819; x_wconf 90' lang='lat' dir='ltr'><strong>et</strong></span> <span class='ocrx_word' id='word_1_36' title='bbox 1209 770 1389 819; x_wconf 89' lang='lat' dir='ltr'><strong>animis</strong></span> <span class='ocrx_word' id='word_1_37' title='bbox 1421 771 1499 820; x_wconf 85' lang='lat' dir='ltr'><strong>usi</strong></span> 
     </span>
    </p>
   </div>
   <div class='ocr_carea' id='block_1_8' title="bbox 1573 687 2639 835">
    <p class='ocr_par' dir='ltr' id='par_1_8' title="bbox 1573 687 2639 835">
     <span class='ocr_line' id='line_1_9' title="bbox 1573 687 2637 756; baseline -0.005 -15"><span class='ocrx_word' id='word_1_38' title='bbox 1573 692 1750 754; x_wconf 84' lang='lat' dir='ltr'><strong>tellige</strong></span> <span class='ocrx_word' id='word_1_39' title='bbox 1764 691 2057 754; x_wconf 67' lang='lat' dir='ltr'><strong>traust&#39;uges,</strong></span> <span class='ocrx_word' id='word_1_40' title='bbox 2065 691 2276 755; x_wconf 86' lang='lat' dir='ltr'><strong>quicum</strong></span> <span class='ocrx_word' id='word_1_41' title='bbox 2288 687 2637 756; x_wconf 74' lang='lat' dir='ltr'><strong>Inguiomero,</strong></span> 
     </span>
     <span class='ocr_line' id='line_1_10' title="bbox 1573 766 2639 835; baseline -0.004 -16"><span class='ocrx_word' id='word_1_42' title='bbox 1573 776 1763 835; x_wconf 86' lang='lat' dir='ltr'><strong>patruo</strong></span> <span class='ocrx_word' id='word_1_43' title='bbox 1786 770 2025 832; x_wconf 78' lang='lat' dir='ltr'>Arminii,</span> <span class='ocrx_word' id='word_1_44' title='bbox 2049 769 2116 819; x_wconf 86' lang='lat' dir='ltr'><strong>ab</strong></span> <span class='ocrx_word' id='word_1_45' title='bbox 2137 767 2389 830; x_wconf 79' lang='lat' dir='ltr'>Arminio,</span> <span class='ocrx_word' id='word_1_46' title='bbox 2423 767 2518 816; x_wconf 80' lang='lat' dir='ltr'><strong>sub</strong></span> <span class='ocrx_word' id='word_1_47' title='bbox 2547 766 2639 816; x_wconf 80' lang='lat' dir='ltr'><strong>bn·</strong></span> 
     </span>
    </p>
   </div>
   <div class='ocr_carea' id='block_1_9' title="bbox 432 841 2638 910">
    <p class='ocr_par' dir='ltr' id='par_1_9' title="bbox 432 841 2638 910">
     <span class='ocr_line' id='line_1_11' title="bbox 432 841 2638 910; baseline -0.004 -11"><span class='ocrx_word' id='word_1_48' title='bbox 432 849 684 899; x_wconf 84' lang='lat' dir='ltr'><strong>fuissent:</strong></span> <span class='ocrx_word' id='word_1_49' title='bbox 738 848 962 897; x_wconf 87' lang='lat' dir='ltr'><strong>inclusus</strong></span> <span class='ocrx_word' id='word_1_50' title='bbox 999 846 1159 908; x_wconf 82' lang='lat' dir='ltr'><strong>silvis,</strong></span> <span class='ocrx_word' id='word_1_51' title='bbox 1211 843 1500 910; x_wconf 81' lang='lat' dir='ltr'><strong>paludibus,</strong></span> <span class='ocrx_word' id='word_1_52' title='bbox 1563 846 1649 910; x_wconf 89' lang='lat' dir='ltr'><strong>jus</strong></span> <span class='ocrx_word' id='word_1_53' title='bbox 1671 846 1796 896; x_wconf 89' lang='lat' dir='ltr'><strong>belli</strong></span> <span class='ocrx_word' id='word_1_54' title='bbox 1817 846 2040 910; x_wconf 86' lang='lat' dir='ltr'><strong>initium,</strong></span> <span class='ocrx_word' id='word_1_55' title='bbox 2059 845 2124 893; x_wconf 82' lang='lat' dir='ltr'><strong>ad</strong></span> <span class='ocrx_word' id='word_1_56' title='bbox 2147 843 2524 893; x_wconf 71' lang='lat' dir='ltr'><strong>Maroboduum</strong></span> <span class='ocrx_word' id='word_1_57' title='bbox 2546 841 2638 891; x_wconf 88' lang='lat' dir='ltr'><strong>de·</strong></span> 
     </span>
    </p>
   </div>
   <div class='ocr_carea' id='block_1_10' title="bbox 428 922 1519 4343">
    <p class='ocr_par' dir='ltr' id='par_1_10' title="bbox 428 922 1519 4343">
     <span class='ocr_line' id='line_1_12' title="bbox 432 922 1502 986; baseline -0.004 -11"><span class='ocrx_word' id='word_1_58' title='bbox 432 925 648 986; x_wconf 89' lang='lat' dir='ltr'><strong>insidiis,</strong></span> <span class='ocrx_word' id='word_1_59' title='bbox 667 924 733 974; x_wconf 82' lang='lat' dir='ltr'><strong>ab</strong></span> <span class='ocrx_word' id='word_1_60' title='bbox 757 938 898 973; x_wconf 79' lang='lat' dir='ltr'><strong>saevo</strong></span> <span class='ocrx_word' id='word_1_61' title='bbox 913 924 1061 972; x_wconf 83' lang='lat' dir='ltr'><strong>hoste</strong></span> <span class='ocrx_word' id='word_1_62' title='bbox 1084 922 1366 972; x_wconf 84' lang='lat' dir='ltr'><strong>trucidatus</strong></span> <span class='ocrx_word' id='word_1_63' title='bbox 1387 922 1502 971; x_wconf 63' lang='lat' dir='ltr'><strong>est?</strong></span> 
     </span>
     <span class='ocr_line' id='line_1_13' title="bbox 431 998 1500 1054; baseline -0.007 0"><span class='ocrx_word' id='word_1_64' title='bbox 431 1003 678 1054; x_wconf 58' lang='lat' dir='ltr'><strong>:Aurelium</strong></span> <span class='ocrx_word' id='word_1_65' title='bbox 743 1001 966 1053; x_wconf 84' lang='lat' dir='ltr'><strong>Quidam</strong></span> <span class='ocrx_word' id='word_1_66' title='bbox 991 1000 1220 1050; x_wconf 84' lang='lat' dir='ltr'><strong>reddunt</strong></span> <span class='ocrx_word' id='word_1_67' title='bbox 1254 998 1386 1049; x_wconf 88' lang='lat' dir='ltr'><strong>male</strong></span> <span class='ocrx_word' id='word_1_68' title='bbox 1424 999 1500 1047; x_wconf 89' lang='lat' dir='ltr'><strong>in-</strong></span> 
     </span>
     <span class='ocr_line' id='line_1_14' title="bbox 428 1076 1498 1147; baseline -0.005 -18"><span class='ocrx_word' id='word_1_69' title='bbox 428 1087 689 1130; x_wconf 77' lang='lat' dir='ltr'><strong>structas:</strong></span> <span class='ocrx_word' id='word_1_70' title='bbox 745 1091 847 1140; x_wconf 83' lang='lat' dir='ltr'><strong>ego</strong></span> <span class='ocrx_word' id='word_1_71' title='bbox 866 1077 932 1126; x_wconf 86' lang='lat' dir='ltr'><strong>de</strong></span> <span class='ocrx_word' id='word_1_72' title='bbox 956 1091 1168 1126; x_wconf 85' lang='lat' dir='ltr'><strong>numero</strong></span> <span class='ocrx_word' id='word_1_73' title='bbox 1189 1076 1498 1147; x_wconf 73' lang='lat' dir='ltr'><strong>capiendum</strong></span> 
     </span>
     <span class='ocr_line' id='line_1_15' title="bbox 434 1150 1498 1218; baseline -0.005 -13"><span class='ocrx_word' id='word_1_74' title='bbox 434 1153 678 1214; x_wconf 78' lang='lat' dir='ltr'><strong>arbitror,</strong></span> <span class='ocrx_word' id='word_1_75' title='bbox 695 1153 780 1218; x_wconf 87' lang='lat' dir='ltr'><strong>qui</strong></span> <span class='ocrx_word' id='word_1_76' title='bbox 808 1167 908 1202; x_wconf 90' lang='lat' dir='ltr'><strong>non</strong></span> <span class='ocrx_word' id='word_1_77' title='bbox 926 1150 1090 1201; x_wconf 83' lang='lat' dir='ltr'><strong>fuerit</strong></span> <span class='ocrx_word' id='word_1_78' title='bbox 1106 1153 1378 1216; x_wconf 86' lang='lat' dir='ltr'><strong>expletus:</strong></span> <span class='ocrx_word' id='word_1_79' title='bbox 1402 1152 1498 1200; x_wconf 84' lang='lat' dir='ltr'><strong>hoc</strong></span> 
     </span>
     <span class='ocr_line' id='line_1_16' title="bbox 436 1227 1500 1294; baseline -0.003 -15"><span class='ocrx_word' id='word_1_80' title='bbox 436 1237 535 1293; x_wconf 78' lang='lat' dir='ltr'><strong>est,</strong></span> <span class='ocrx_word' id='word_1_81' title='bbox 554 1237 612 1278; x_wconf 86' lang='lat' dir='ltr'><strong>ut</strong></span> <span class='ocrx_word' id='word_1_82' title='bbox 635 1236 780 1294; x_wconf 89' lang='lat' dir='ltr'><strong>puto,</strong></span> <span class='ocrx_word' id='word_1_83' title='bbox 799 1229 884 1278; x_wconf 76' lang='grc' dir='ltr'><strong>οὐκ</strong></span> <span class='ocrx_word' id='word_1_84' title='bbox 915 1229 1138 1290; x_wconf 75' lang='grc' dir='ltr'>ἐντελεῖς,</span> <span class='ocrx_word' id='word_1_85' title='bbox 1168 1227 1328 1277; x_wconf 84' lang='lat' dir='ltr'><strong>verbo</strong></span> <span class='ocrx_word' id='word_1_86' title='bbox 1359 1227 1500 1276; x_wconf 87' lang='lat' dir='ltr'><strong>Stra·</strong></span> 
     </span>
     <span class='ocr_line' id='line_1_17' title="bbox 434 1303 1501 1368; baseline -0.004 -13"><span class='ocrx_word' id='word_1_87' title='bbox 434 1305 584 1355; x_wconf 83' lang='lat' dir='ltr'><strong>bonis</strong></span> <span class='ocrx_word' id='word_1_88' title='bbox 623 1308 654 1354; x_wconf 90' lang='grc' dir='ltr'><strong>Ι.</strong></span> <span class='ocrx_word' id='word_1_89' title='bbox 686 1317 830 1355; x_wconf 78' lang='lat' dir='ltr'><strong>xvu.</strong></span> <span class='ocrx_word' id='word_1_90' title='bbox 869 1305 934 1353; x_wconf 86' lang='lat' dir='ltr'><strong>de</strong></span> <span class='ocrx_word' id='word_1_91' title='bbox 968 1304 1213 1368; x_wconf 81' lang='lat' dir='ltr'><strong>AEgypto,</strong></span> <span class='ocrx_word' id='word_1_92' title='bbox 1233 1303 1358 1367; x_wconf 72' lang='grc' dir='ltr'><strong>τρισὶ</strong></span> <span class='ocrx_word' id='word_1_93' title='bbox 1383 1304 1501 1365; x_wconf 72' lang='grc' dir='ltr'><strong>γοῦν</strong></span> 
     </span>
     <span class='ocr_line' id='line_1_18' title="bbox 433 1378 1502 1443; baseline 0 -14"><span class='ocrx_word' id='word_1_94' title='bbox 433 1379 662 1442; x_wconf 70' lang='grc' dir='ltr'><strong>σπείραις,</strong></span> <span class='ocrx_word' id='word_1_95' title='bbox 683 1379 791 1429; x_wconf 62' lang='grc' dir='ltr'><strong>οὐδὲ</strong></span> <span class='ocrx_word' id='word_1_96' title='bbox 820 1380 1016 1429; x_wconf 72' lang='grc' dir='ltr'><strong>ταύταις</strong></span> <span class='ocrx_word' id='word_1_97' title='bbox 1048 1378 1288 1430; x_wconf 59' lang='lat' dir='ltr'><strong>dri-eadem</strong></span> <span class='ocrx_word' id='word_1_98' title='bbox 1306 1379 1338 1438; x_wconf 78' lang='grc' dir='ltr'>ἦ</span> <span class='ocrx_word' id='word_1_99' title='bbox 1369 1380 1502 1443; x_wconf 73' lang='grc' dir='ltr'>χώρα</span> 
     </span>
     <span class='ocr_line' id='line_1_19' title="bbox 432 1456 1499 1522; baseline -0.001 -16"><span class='ocrx_word' id='word_1_100' title='bbox 432 1460 717 1522; x_wconf 72' lang='grc' dir='ltr'><strong><em>φρουρεῖται.</em></strong></span> <span class='ocrx_word' id='word_1_101' title='bbox 780 1457 1069 1507; x_wconf 62' lang='lat' dir='ltr'><strong>Freinshem-</strong></span> <span class='ocrx_word' id='word_1_102' title='bbox 1167 1456 1319 1509; x_wconf 83' lang='lat' dir='ltr'><strong>Subit</strong></span> <span class='ocrx_word' id='word_1_103' title='bbox 1368 1456 1499 1508; x_wconf 75' lang='lat' dir='ltr'><strong>illud</strong></span> 
     </span>
     <span class='ocr_line' id='line_1_20' title="bbox 438 1532 1501 1595; baseline -0.004 -10"><span class='ocrx_word' id='word_1_104' title='bbox 438 1535 678 1595; x_wconf 65' lang='lat' dir='ltr'><strong>Cessit-is,</strong></span> <span class='ocrx_word' id='word_1_105' title='bbox 709 1534 725 1562; x_wconf 77' lang='lat'><strong>⁴</strong></span> <span class='ocrx_word' id='word_1_106' title='bbox 750 1548 806 1583; x_wconf 86' lang='lat' dir='ltr'><strong>se</strong></span> <span class='ocrx_word' id='word_1_107' title='bbox 845 1535 923 1586; x_wconf 83' lang='lat' dir='ltr'><strong>ire</strong></span> <span class='ocrx_word' id='word_1_108' title='bbox 961 1533 1027 1582; x_wconf 81' lang='lat' dir='ltr'><strong>ad</strong></span> <span class='ocrx_word' id='word_1_109' title='bbox 1066 1532 1352 1583; x_wconf 80' lang='lat' dir='ltr'><strong>exercitum</strong></span> <span class='ocrx_word' id='word_1_110' title='bbox 1391 1532 1501 1581; x_wconf 89' lang='lat' dir='ltr'><strong>sine</strong></span> 
     </span>
     <span class='ocr_line' id='line_1_21' title="bbox 435 1607 1501 1674; baseline -0.004 -14"><span class='ocrx_word' id='word_1_111' title='bbox 435 1610 589 1671; x_wconf 80' lang='lat' dir='ltr'><strong>duce,</strong></span> <span class='ocrx_word' id='word_1_112' title='bbox 607 1617 764 1674; x_wconf 84' lang='lat' dir='ltr'><strong>atque</strong></span> <span class='ocrx_word' id='word_1_113' title='bbox 782 1608 904 1660; x_wconf 88' lang='lat' dir='ltr'><strong>inde</strong></span> <span class='ocrx_word' id='word_1_114' title='bbox 921 1609 1205 1659; x_wconf 82' lang='lat' dir='ltr'><strong>rediturum</strong></span> <span class='ocrx_word' id='word_1_115' title='bbox 1228 1607 1294 1657; x_wconf 89' lang='lat' dir='ltr'><strong>ad</strong></span> <span class='ocrx_word' id='word_1_116' title='bbox 1315 1608 1501 1657; x_wconf 88' lang='lat' dir='ltr'><strong>ducem</strong></span> 
     </span>
     <span class='ocr_line' id='line_1_22' title="bbox 435 1685 1504 1748; baseline -0.004 -12"><span class='ocrx_word' id='word_1_117' title='bbox 435 1687 547 1737; x_wconf 88' lang='lat' dir='ltr'><strong>sine</strong></span> <span class='ocrx_word' id='word_1_118' title='bbox 571 1685 841 1736; x_wconf 81' lang='lat' dir='ltr'><strong>exereitu.’</strong></span> <span class='ocrx_word' id='word_1_119' title='bbox 906 1687 978 1735; x_wconf 85' lang='lat' dir='ltr'><strong>Et</strong></span> <span class='ocrx_word' id='word_1_120' title='bbox 1012 1686 1108 1734; x_wconf 80' lang='lat' dir='ltr'><strong>boc</strong></span> <span class='ocrx_word' id='word_1_121' title='bbox 1129 1698 1323 1734; x_wconf 67' lang='lat' dir='ltr'><strong>mm</strong></span> <span class='ocrx_word' id='word_1_122' title='bbox 1344 1698 1504 1748; x_wconf 75' lang='lat' dir='ltr'><strong>saepe,</strong></span> 
     </span>
     <span class='ocr_line' id='line_1_23' title="bbox 437 1759 1501 1826; baseline -0.003 -14"><span class='ocrx_word' id='word_1_123' title='bbox 437 1775 623 1813; x_wconf 85' lang='lat' dir='ltr'><strong>carens</strong></span> <span class='ocrx_word' id='word_1_124' title='bbox 660 1762 903 1826; x_wconf 77' lang='lat' dir='ltr'><strong>praeside,</strong></span> <span class='ocrx_word' id='word_1_125' title='bbox 951 1761 1174 1825; x_wconf 83' lang='lat' dir='ltr'><strong>vindice,</strong></span> <span class='ocrx_word' id='word_1_126' title='bbox 1211 1759 1501 1824; x_wconf 77' lang='lat' dir='ltr'><strong>defensore,</strong></span> 
     </span>
     <span class='ocr_line' id='line_1_24' title="bbox 437 1838 1502 1902; baseline 0 -14"><span class='ocrx_word' id='word_1_127' title='bbox 437 1839 666 1889; x_wconf 86' lang='lat' dir='ltr'><strong>domino.</strong></span> <span class='ocrx_word' id='word_1_128' title='bbox 733 1840 928 1888; x_wconf 89' lang='lat' dir='ltr'><strong>Brutus</strong></span> <span class='ocrx_word' id='word_1_129' title='bbox 951 1839 1015 1887; x_wconf 90' lang='lat' dir='ltr'><strong>ad</strong></span> <span class='ocrx_word' id='word_1_130' title='bbox 1039 1839 1148 1888; x_wconf 87' lang='lat' dir='ltr'><strong>Cic.</strong></span> <span class='ocrx_word' id='word_1_131' title='bbox 1174 1839 1343 1902; x_wconf 87' lang='lat' dir='ltr'><strong>Epist.</strong></span> <span class='ocrx_word' id='word_1_132' title='bbox 1362 1838 1502 1888; x_wconf 84' lang='lat' dir='ltr'><strong>Fam.</strong></span> 
     </span>
     <span class='ocr_line' id='line_1_25' title="bbox 438 1913 1503 1978; baseline -0.004 -13"><span class='ocrx_word' id='word_1_133' title='bbox 438 1920 613 1965; x_wconf 65' lang='lat' dir='ltr'><strong>nlo.</strong></span> <span class='ocrx_word' id='word_1_134' title='bbox 636 1917 651 1943; x_wconf 92' lang='lat'>‘</span> <span class='ocrx_word' id='word_1_135' title='bbox 678 1916 941 1967; x_wconf 84' lang='lat' dir='ltr'><strong>Quantam</strong></span> <span class='ocrx_word' id='word_1_136' title='bbox 961 1913 1403 1978; x_wconf 69' lang='lat' dir='ltr'><strong>perturbationem</strong></span> <span class='ocrx_word' id='word_1_137' title='bbox 1425 1927 1503 1962; x_wconf 89' lang='lat' dir='ltr'><strong>re-</strong></span> 
     </span>
     <span class='ocr_line' id='line_1_26' title="bbox 430 1989 1505 2053; baseline -0.005 -12"><span class='ocrx_word' id='word_1_138' title='bbox 430 2005 553 2041; x_wconf 65' lang='lat' dir='ltr'><strong>‹rum</strong></span> <span class='ocrx_word' id='word_1_139' title='bbox 590 1989 777 2040; x_wconf 81' lang='lat' dir='ltr'><strong>afferat</strong></span> <span class='ocrx_word' id='word_1_140' title='bbox 812 1990 980 2039; x_wconf 85' lang='lat' dir='ltr'><strong>obitus</strong></span> <span class='ocrx_word' id='word_1_141' title='bbox 1024 1989 1307 2051; x_wconf 89' lang='lat' dir='ltr'><strong>consulum,</strong></span> <span class='ocrx_word' id='word_1_142' title='bbox 1347 2002 1505 2053; x_wconf 81' lang='lat' dir='ltr'><strong>quan·</strong></span> 
     </span>
     <span class='ocr_line' id='line_1_27' title="bbox 439 2065 1505 2132; baseline -0.005 -14"><span class='ocrx_word' id='word_1_143' title='bbox 439 2075 650 2132; x_wconf 87' lang='lat' dir='ltr'><strong>tamque</strong></span> <span class='ocrx_word' id='word_1_144' title='bbox 689 2066 1032 2131; x_wconf 74' lang='lat' dir='ltr'><strong>cupiditatem</strong></span> <span class='ocrx_word' id='word_1_145' title='bbox 1066 2065 1353 2115; x_wconf 85' lang='lat' dir='ltr'><strong>bominibus</strong></span> <span class='ocrx_word' id='word_1_146' title='bbox 1391 2065 1505 2129; x_wconf 87' lang='lat' dir='ltr'><strong>inji-</strong></span> 
     </span>
     <span class='ocr_line' id='line_1_28' title="bbox 434 2139 1502 2204; baseline -0.004 -10"><span class='ocrx_word' id='word_1_147' title='bbox 434 2143 547 2194; x_wconf 72' lang='lat' dir='ltr'><strong>ciat</strong></span> <span class='ocrx_word' id='word_1_148' title='bbox 589 2143 823 2193; x_wconf 76' lang='lat' dir='ltr'><strong>vacuitas</strong></span> <span class='ocrx_word' id='word_1_149' title='bbox 839 2142 869 2192; x_wconf 67' lang='grc' dir='ltr'><strong>ε’</strong></span> <span class='ocrx_word' id='word_1_150' title='bbox 932 2142 969 2191; x_wconf 90' lang='lat' dir='ltr'><strong>i.</strong></span> <span class='ocrx_word' id='word_1_151' title='bbox 1014 2140 1141 2190; x_wconf 85' lang='lat' dir='ltr'><strong>orba</strong></span> <span class='ocrx_word' id='word_1_152' title='bbox 1191 2139 1502 2204; x_wconf 79' lang='lat' dir='ltr'><strong>respublica.</strong></span> 
     </span>
     <span class='ocr_line' id='line_1_29' title="bbox 443 2214 1504 2279; baseline -0.004 -12"><span class='ocrx_word' id='word_1_153' title='bbox 443 2217 565 2267; x_wconf 78' lang='lat' dir='ltr'><strong>Hoc</strong></span> <span class='ocrx_word' id='word_1_154' title='bbox 607 2217 778 2266; x_wconf 85' lang='lat' dir='ltr'><strong>libro:</strong></span> <span class='ocrx_word' id='word_1_155' title='bbox 835 2217 851 2246; x_wconf 90' lang='lat'>‘</span> <span class='ocrx_word' id='word_1_156' title='bbox 875 2219 1151 2279; x_wconf 70' lang='lat' dir='ltr'><strong>repeteret</strong></span> <span class='ocrx_word' id='word_1_157' title='bbox 1186 2214 1504 2279; x_wconf 80' lang='lat' dir='ltr'><strong>provinciam</strong></span> 
     </span>
     <span class='ocr_line' id='line_1_30' title="bbox 440 2290 1505 2358; baseline -0.004 -14"><span class='ocrx_word' id='word_1_158' title='bbox 440 2308 545 2344; x_wconf 81' lang='lat' dir='ltr'><strong>non</strong></span> <span class='ocrx_word' id='word_1_159' title='bbox 575 2293 697 2358; x_wconf 87' lang='lat' dir='ltr'><strong>jure</strong></span> <span class='ocrx_word' id='word_1_160' title='bbox 720 2292 946 2342; x_wconf 79' lang='lat' dir='ltr'><strong>ablatam</strong></span> <span class='ocrx_word' id='word_1_161' title='bbox 982 2299 1039 2342; x_wconf 87' lang='lat' dir='ltr'><strong>et</strong></span> <span class='ocrx_word' id='word_1_162' title='bbox 1077 2290 1325 2341; x_wconf 69' lang='lat' dir='ltr'><strong>vacuam!</strong></span> <span class='ocrx_word' id='word_1_163' title='bbox 1391 2291 1505 2340; x_wconf 75' lang='lat' dir='ltr'><strong>nb.</strong></span> 
     </span>
     <span class='ocr_line' id='line_1_31' title="bbox 440 2365 1508 2420; baseline -0.004 0"><span class='ocrx_word' id='word_1_164' title='bbox 440 2382 546 2420; x_wconf 65' lang='grc' dir='ltr'><strong>ιιι.</strong></span> <span class='ocrx_word' id='word_1_165' title='bbox 580 2373 597 2398; x_wconf 78' lang='lat'>⁴</span> <span class='ocrx_word' id='word_1_166' title='bbox 623 2382 840 2419; x_wconf 83' lang='lat' dir='ltr'><strong>vacuam</strong></span> <span class='ocrx_word' id='word_1_167' title='bbox 865 2382 1037 2418; x_wconf 84' lang='lat' dir='ltr'><strong>rursus</strong></span> <span class='ocrx_word' id='word_1_168' title='bbox 1052 2367 1350 2417; x_wconf 82' lang='lat' dir='ltr'><strong>Armeniam</strong></span> <span class='ocrx_word' id='word_1_169' title='bbox 1372 2365 1508 2417; x_wconf 84' lang='lat' dir='ltr'><strong>Rha·</strong></span> 
     </span>
     <span class='ocr_line' id='line_1_32' title="bbox 441 2442 1508 2507; baseline -0.004 -10"><span class='ocrx_word' id='word_1_170' title='bbox 441 2447 690 2497; x_wconf 80' lang='lat' dir='ltr'><strong>damistus</strong></span> <span class='ocrx_word' id='word_1_171' title='bbox 712 2444 939 2496; x_wconf 59' lang='lat' dir='ltr'><strong>invasit?</strong></span> <span class='ocrx_word' id='word_1_172' title='bbox 989 2445 1057 2494; x_wconf 79' lang='lat' dir='ltr'><strong>Et</strong></span> <span class='ocrx_word' id='word_1_173' title='bbox 1077 2457 1237 2507; x_wconf 81' lang='lat' dir='ltr'><strong>saepe.</strong></span> <span class='ocrx_word' id='word_1_174' title='bbox 1284 2442 1508 2493; x_wconf 51' lang='lat' dir='ltr'><strong>¹Ambro-</strong></span> 
     </span>
     <span class='ocr_line' id='line_1_33' title="bbox 439 2519 1506 2587; baseline -0.007 -13"><span class='ocrx_word' id='word_1_175' title='bbox 439 2524 547 2574; x_wconf 80' lang='lat' dir='ltr'><strong>sius</strong></span> <span class='ocrx_word' id='word_1_176' title='bbox 583 2524 639 2573; x_wconf 91' lang='lat' dir='ltr'><strong>in</strong></span> <span class='ocrx_word' id='word_1_177' title='bbox 678 2521 985 2587; x_wconf 86' lang='lat' dir='ltr'><strong>Hegeslppo</strong></span> <span class='ocrx_word' id='word_1_178' title='bbox 1016 2533 1080 2569; x_wconf 84' lang='lat'><strong>11.</strong></span> <span class='ocrx_word' id='word_1_179' title='bbox 1102 2524 1185 2569; x_wconf 80' lang='grc'><strong>17.</strong></span> <span class='ocrx_word' id='word_1_180' title='bbox 1218 2519 1234 2549; x_wconf 90' lang='lat'>‘</span> <span class='ocrx_word' id='word_1_181' title='bbox 1259 2525 1506 2584; x_wconf 86' lang='lat' dir='ltr'><strong>tanquam</strong></span> 
     </span>
     <span class='ocr_line' id='line_1_34' title="bbox 440 2596 1507 2664; baseline -0.006 -13"><span class='ocrx_word' id='word_1_182' title='bbox 440 2601 495 2651; x_wconf 86' lang='lat' dir='ltr'><strong>iu</strong></span> <span class='ocrx_word' id='word_1_183' title='bbox 517 2615 736 2651; x_wconf 73' lang='lat' dir='ltr'><strong>vacuum</strong></span> <span class='ocrx_word' id='word_1_184' title='bbox 774 2600 1020 2664; x_wconf 88' lang='lat' dir='ltr'><strong>populum</strong></span> <span class='ocrx_word' id='word_1_185' title='bbox 1043 2598 1180 2647; x_wconf 88' lang='lat' dir='ltr'><strong>omni</strong></span> <span class='ocrx_word' id='word_1_186' title='bbox 1203 2596 1507 2660; x_wconf 85' lang='lat' dir='ltr'><strong>injuriarum</strong></span> 
     </span>
     <span class='ocr_line' id='line_1_35' title="bbox 441 2674 1509 2743; baseline -0.006 -16"><span class='ocrx_word' id='word_1_187' title='bbox 441 2691 636 2743; x_wconf 82' lang='lat' dir='ltr'><strong>genere</strong></span> <span class='ocrx_word' id='word_1_188' title='bbox 674 2674 965 2740; x_wconf 69' lang='lat' dir='ltr'><strong>processit!</strong></span> <span class='ocrx_word' id='word_1_189' title='bbox 1036 2674 1141 2723; x_wconf 88' lang='lat' dir='ltr'><strong>Sed</strong></span> <span class='ocrx_word' id='word_1_190' title='bbox 1177 2674 1406 2737; x_wconf 75' lang='lat' dir='ltr'><strong>additur,</strong></span> <span class='ocrx_word' id='word_1_191' title='bbox 1436 2674 1509 2722; x_wconf 88' lang='lat' dir='ltr'><strong>in·</strong></span> 
     </span>
     <span class='ocr_line' id='line_1_36' title="bbox 444 2749 1510 2818; baseline -0.001 -17"><span class='ocrx_word' id='word_1_192' title='bbox 444 2754 579 2818; x_wconf 86' lang='lat' dir='ltr'><strong>quis,</strong></span> <span class='ocrx_word' id='word_1_193' title='bbox 612 2754 628 2781; x_wconf 93' lang='lat'>‘</span> <span class='ocrx_word' id='word_1_194' title='bbox 654 2752 836 2801; x_wconf 82' lang='lat' dir='ltr'><strong>(lucem</strong></span> <span class='ocrx_word' id='word_1_195' title='bbox 857 2749 1056 2801; x_wconf 83' lang='lat' dir='ltr'><strong>fraudis</strong></span> <span class='ocrx_word' id='word_1_196' title='bbox 1077 2750 1354 2814; x_wconf 65' lang='lat' dir='ltr'><strong>ignavum!</strong></span> <span class='ocrx_word' id='word_1_197' title='bbox 1409 2750 1510 2800; x_wconf 82' lang='lat' dir='ltr'><strong>Re-</strong></span> 
     </span>
     <span class='ocr_line' id='line_1_37' title="bbox 444 2826 1509 2893; baseline -0.003 -15"><span class='ocrx_word' id='word_1_198' title='bbox 444 2828 700 2893; x_wconf 83' lang='lat' dir='ltr'><strong>spondeo,</strong></span> <span class='ocrx_word' id='word_1_199' title='bbox 735 2827 852 2877; x_wconf 87' lang='lat' dir='ltr'><strong>ideo</strong></span> <span class='ocrx_word' id='word_1_200' title='bbox 870 2841 1030 2876; x_wconf 68' lang='lat' dir='ltr'><strong>vum</strong></span> <span class='ocrx_word' id='word_1_201' title='bbox 1048 2826 1269 2888; x_wconf 54' lang='lat' dir='ltr'><strong>leg-ianm</strong></span> <span class='ocrx_word' id='word_1_202' title='bbox 1289 2827 1387 2875; x_wconf 81' lang='lat' dir='ltr'><strong>hoc</strong></span> <span class='ocrx_word' id='word_1_203' title='bbox 1408 2833 1509 2889; x_wconf 84' lang='lat' dir='ltr'><strong>est,</strong></span> 
     </span>
     <span class='ocr_line' id='line_1_38' title="bbox 443 2900 1510 2969; baseline -0.005 -14"><span class='ocrx_word' id='word_1_204' title='bbox 443 2906 554 2955; x_wconf 85' lang='lat' dir='ltr'><strong>sine</strong></span> <span class='ocrx_word' id='word_1_205' title='bbox 588 2906 741 2966; x_wconf 83' lang='lat' dir='ltr'><strong>duce,</strong></span> <span class='ocrx_word' id='word_1_206' title='bbox 765 2903 886 2969; x_wconf 84' lang='lat' dir='ltr'><strong>quia</strong></span> <span class='ocrx_word' id='word_1_207' title='bbox 920 2904 1024 2952; x_wconf 87' lang='lat' dir='ltr'><strong>dux</strong></span> <span class='ocrx_word' id='word_1_208' title='bbox 1062 2900 1259 2951; x_wconf 84' lang='lat' dir='ltr'><strong>fraudis</strong></span> <span class='ocrx_word' id='word_1_209' title='bbox 1299 2901 1510 2964; x_wconf 85' lang='lat' dir='ltr'><strong>ignarus</strong></span> 
     </span>
     <span class='ocr_line' id='line_1_39' title="bbox 448 2979 1510 3045; baseline -0.006 -13"><span class='ocrx_word' id='word_1_210' title='bbox 448 2989 506 3032; x_wconf 90' lang='lat' dir='ltr'><strong>et</strong></span> <span class='ocrx_word' id='word_1_211' title='bbox 528 2980 846 3045; x_wconf 81' lang='lat' dir='ltr'><strong>improvidus</strong></span> <span class='ocrx_word' id='word_1_212' title='bbox 869 2996 882 3029; x_wconf 76' lang='lat' dir='ltr'>z</span> <span class='ocrx_word' id='word_1_213' title='bbox 904 2988 1006 3028; x_wconf 88' lang='lat' dir='ltr'><strong>non</strong></span> <span class='ocrx_word' id='word_1_214' title='bbox 1024 2980 1162 3028; x_wconf 89' lang='lat' dir='ltr'><strong>enim</strong></span> <span class='ocrx_word' id='word_1_215' title='bbox 1180 2987 1380 3042; x_wconf 81' lang='lat' dir='ltr'><strong>cautor,</strong></span> <span class='ocrx_word' id='word_1_216' title='bbox 1398 2979 1510 3042; x_wconf 83' lang='lat' dir='ltr'><strong>ipse</strong></span> 
     </span>
     <span class='ocr_line' id='line_1_40' title="bbox 445 3058 1059 3125; baseline -0.007 -16"><span class='ocrx_word' id='word_1_217' title='bbox 445 3059 536 3125; x_wconf 87' lang='lat' dir='ltr'><strong>qni</strong></span> <span class='ocrx_word' id='word_1_218' title='bbox 556 3059 780 3123; x_wconf 57' lang='lat' dir='ltr'><strong>caritur.</strong></span> <span class='ocrx_word' id='word_1_219' title='bbox 850 3058 1059 3106; x_wconf 73' lang='lat' dir='ltr'><strong>Gronov.</strong></span> 
     </span>
     <span class='ocr_line' id='line_1_41' title="bbox 511 3131 1513 3198; baseline -0.007 -11"><span class='ocrx_word' id='word_1_220' title='bbox 511 3137 962 3198; x_wconf 65' lang='lat' dir='ltr'><strong>Dimtneque</strong></span> <span class='ocrx_word' id='word_1_221' title='bbox 974 3131 1223 3197; x_wconf 71' lang='lat' dir='ltr'><strong>poenitere]</strong></span> <span class='ocrx_word' id='word_1_222' title='bbox 1242 3132 1513 3181; x_wconf 72' lang='lat' dir='ltr'><strong>Sententia</strong></span> 
     </span>
     <span class='ocr_line' id='line_1_42' title="bbox 449 3208 1509 3276; baseline -0.007 -13"><span class='ocrx_word' id='word_1_223' title='bbox 449 3215 565 3263; x_wconf 75' lang='lat' dir='ltr'><strong>vult</strong></span> <span class='ocrx_word' id='word_1_224' title='bbox 597 3213 672 3262; x_wconf 90' lang='lat' dir='ltr'><strong>sic</strong></span> <span class='ocrx_word' id='word_1_225' title='bbox 712 3213 883 3276; x_wconf 89' lang='lat' dir='ltr'><strong>potius</strong></span> <span class='ocrx_word' id='word_1_226' title='bbox 904 3209 1184 3274; x_wconf 77' lang='lat' dir='ltr'><strong>distingui:</strong></span> <span class='ocrx_word' id='word_1_227' title='bbox 1240 3208 1364 3258; x_wconf 68' lang='lat' dir='ltr'><strong>Meu:</strong></span> <span class='ocrx_word' id='word_1_228' title='bbox 1383 3223 1425 3257; x_wconf 76' lang='lat' dir='ltr'><strong>c.</strong></span> <span class='ocrx_word' id='word_1_229' title='bbox 1448 3223 1509 3257; x_wconf 79' lang='lat' dir='ltr'><strong>ae.</strong></span> 
     </span>
     <span class='ocr_line' id='line_1_43' title="bbox 446 3283 1513 3351; baseline -0.007 -11"><span class='ocrx_word' id='word_1_230' title='bbox 446 3291 715 3350; x_wconf 61' lang='lat' dir='ltr'><strong>ammam,</strong></span> <span class='ocrx_word' id='word_1_231' title='bbox 733 3302 879 3351; x_wconf 72' lang='lat' dir='ltr'><strong>neque</strong></span> <span class='ocrx_word' id='word_1_232' title='bbox 896 3285 1123 3350; x_wconf 67' lang='lat' dir='ltr'><strong>penitere</strong></span> <span class='ocrx_word' id='word_1_233' title='bbox 1138 3302 1154 3333; x_wconf 92' lang='lat'><strong>.·</strong></span> <span class='ocrx_word' id='word_1_234' title='bbox 1185 3286 1307 3349; x_wconf 76' lang='lat' dir='ltr'><strong>quod</strong></span> <span class='ocrx_word' id='word_1_235' title='bbox 1320 3283 1397 3350; x_wconf 86' lang='lat' dir='ltr'><strong>(id</strong></span> <span class='ocrx_word' id='word_1_236' title='bbox 1415 3291 1513 3348; x_wconf 87' lang='lat' dir='ltr'><strong>est,</strong></span> 
     </span>
     <span class='ocr_line' id='line_1_44' title="bbox 447 3360 1435 3432; baseline -0.005 -17"><span class='ocrx_word' id='word_1_237' title='bbox 447 3364 713 3432; x_wconf 58' lang='lat' dir='ltr'><strong>quonhm)</strong></span> <span class='ocrx_word' id='word_1_238' title='bbox 734 3365 825 3427; x_wconf 77' lang='lat' dir='ltr'><strong>ips.</strong></span> <span class='ocrx_word' id='word_1_239' title='bbox 845 3364 881 3413; x_wconf 81' lang='lat' dir='ltr'><strong>i.</strong></span> <span class='ocrx_word' id='word_1_240' title='bbox 904 3379 971 3413; x_wconf 75' lang='lat' dir='ltr'><strong>m.</strong></span> <span class='ocrx_word' id='word_1_241' title='bbox 987 3363 1072 3426; x_wconf 77' lang='lat' dir='ltr'><strong>sit,</strong></span> <span class='ocrx_word' id='word_1_242' title='bbox 1087 3364 1165 3423; x_wconf 56' lang='lat'><strong>&amp;⁰-</strong></span> <span class='ocrx_word' id='word_1_243' title='bbox 1232 3360 1435 3412; x_wconf 76' lang='lat' dir='ltr'><strong>Acidal-</strong></span> 
     </span>
     <span class='ocr_line' id='line_1_45' title="bbox 512 3438 1512 3503; baseline -0.004 -13"><span class='ocrx_word' id='word_1_244' title='bbox 512 3441 763 3503; x_wconf 74' lang='lat' dir='ltr'><strong>Integrum</strong></span> <span class='ocrx_word' id='word_1_245' title='bbox 800 3439 994 3501; x_wconf 59' lang='lat' dir='ltr'><strong>bellum]</strong></span> <span class='ocrx_word' id='word_1_246' title='bbox 1058 3438 1303 3503; x_wconf 82' lang='lat' dir='ltr'><strong>Plerique</strong></span> <span class='ocrx_word' id='word_1_247' title='bbox 1322 3451 1512 3490; x_wconf 80' lang='lat' dir='ltr'><strong>nevum</strong></span> 
     </span>
     <span class='ocr_line' id='line_1_46' title="bbox 448 3514 1514 3581; baseline -0.004 -12"><span class='ocrx_word' id='word_1_248' title='bbox 448 3525 541 3569; x_wconf 86' lang='lat' dir='ltr'><strong>aut</strong></span> <span class='ocrx_word' id='word_1_249' title='bbox 583 3533 705 3569; x_wconf 82' lang='lat' dir='ltr'><strong>acre</strong></span> <span class='ocrx_word' id='word_1_250' title='bbox 743 3516 1023 3581; x_wconf 80' lang='lat' dir='ltr'><strong>accipiunt.</strong></span> <span class='ocrx_word' id='word_1_251' title='bbox 1126 3514 1228 3565; x_wconf 84' lang='lat' dir='ltr'><strong>Sed</strong></span> <span class='ocrx_word' id='word_1_252' title='bbox 1272 3515 1514 3577; x_wconf 69' lang='lat' dir='ltr'><strong>integrum</strong></span> 
     </span>
     <span class='ocr_line' id='line_1_47' title="bbox 449 3590 1515 3656; baseline -0.001 -12"><span class='ocrx_word' id='word_1_253' title='bbox 449 3594 621 3644; x_wconf 72' lang='lat' dir='ltr'><strong>bellum</strong></span> <span class='ocrx_word' id='word_1_254' title='bbox 641 3593 836 3643; x_wconf 86' lang='lat' dir='ltr'><strong>dicitur</strong></span> <span class='ocrx_word' id='word_1_255' title='bbox 869 3592 973 3655; x_wconf 83' lang='lat' dir='ltr'><strong>hic,</strong></span> <span class='ocrx_word' id='word_1_256' title='bbox 1001 3590 1136 3656; x_wconf 86' lang='lat' dir='ltr'><strong>quod</strong></span> <span class='ocrx_word' id='word_1_257' title='bbox 1176 3591 1290 3655; x_wconf 82' lang='lat' dir='ltr'><strong>pari</strong></span> <span class='ocrx_word' id='word_1_258' title='bbox 1328 3606 1422 3655; x_wconf 89' lang='lat' dir='ltr'><strong>spe</strong></span> <span class='ocrx_word' id='word_1_259' title='bbox 1456 3599 1515 3644; x_wconf 86' lang='lat' dir='ltr'><strong>et</strong></span> 
     </span>
     <span class='ocr_line' id='line_1_48' title="bbox 449 3667 1514 3733; baseline -0.001 -14"><span class='ocrx_word' id='word_1_260' title='bbox 449 3669 640 3719; x_wconf 81' lang='lat' dir='ltr'><strong>robore</strong></span> <span class='ocrx_word' id='word_1_261' title='bbox 662 3669 892 3733; x_wconf 77' lang='lat' dir='ltr'><strong>geritur:</strong></span> <span class='ocrx_word' id='word_1_262' title='bbox 944 3674 1127 3717; x_wconf 89' lang='lat' dir='ltr'><strong>neutro</strong></span> <span class='ocrx_word' id='word_1_263' title='bbox 1161 3667 1329 3717; x_wconf 87' lang='lat' dir='ltr'><strong>adbuc</strong></span> <span class='ocrx_word' id='word_1_264' title='bbox 1368 3669 1514 3718; x_wconf 87' lang='lat' dir='ltr'><strong>incli-</strong></span> 
     </span>
     <span class='ocr_line' id='line_1_49' title="bbox 450 3744 1515 3806; baseline -0.001 -11"><span class='ocrx_word' id='word_1_265' title='bbox 450 3753 609 3796; x_wconf 82' lang='lat' dir='ltr'><strong>nante</strong></span> <span class='ocrx_word' id='word_1_266' title='bbox 632 3745 885 3795; x_wconf 77' lang='lat' dir='ltr'><strong>vietoria:</strong></span> <span class='ocrx_word' id='word_1_267' title='bbox 932 3744 1064 3793; x_wconf 83' lang='lat' dir='ltr'><strong>sicut</strong></span> <span class='ocrx_word' id='word_1_268' title='bbox 1084 3744 1276 3805; x_wconf 67' lang='lat' dir='ltr'><strong>integra</strong></span> <span class='ocrx_word' id='word_1_269' title='bbox 1309 3757 1401 3806; x_wconf 80' lang='lat' dir='ltr'><strong>res,</strong></span> <span class='ocrx_word' id='word_1_270' title='bbox 1423 3751 1515 3794; x_wconf 83' lang='lat' dir='ltr'><strong>aut</strong></span> 
     </span>
     <span class='ocr_line' id='line_1_50' title="bbox 449 3819 1514 3885; baseline -0.002 -14"><span class='ocrx_word' id='word_1_271' title='bbox 449 3836 609 3885; x_wconf 74' lang='lat' dir='ltr'><strong>msa,</strong></span> <span class='ocrx_word' id='word_1_272' title='bbox 631 3820 772 3870; x_wconf 87' lang='lat' dir='ltr'><strong>nulio</strong></span> <span class='ocrx_word' id='word_1_273' title='bbox 813 3819 1117 3884; x_wconf 64' lang='lat' dir='ltr'><strong>pru‘Judicio</strong></span> <span class='ocrx_word' id='word_1_274' title='bbox 1156 3819 1403 3878; x_wconf 83' lang='lat' dir='ltr'><strong>delibata.</strong></span> <span class='ocrx_word' id='word_1_275' title='bbox 1422 3829 1514 3869; x_wconf 87' lang='lat' dir='ltr'><strong>aut</strong></span> 
     </span>
     <span class='ocr_line' id='line_1_51' title="bbox 446 3896 1515 3960; baseline -0.002 -11"><span class='ocrx_word' id='word_1_276' title='bbox 446 3899 503 3949; x_wconf 89' lang='lat' dir='ltr'><strong>in</strong></span> <span class='ocrx_word' id='word_1_277' title='bbox 557 3900 862 3948; x_wconf 77' lang='lat' dir='ltr'><strong>alterutram</strong></span> <span class='ocrx_word' id='word_1_278' title='bbox 912 3902 1111 3959; x_wconf 86' lang='lat' dir='ltr'><strong>partem</strong></span> <span class='ocrx_word' id='word_1_279' title='bbox 1167 3896 1515 3960; x_wconf 69' lang='lat' dir='ltr'><strong>propendens.</strong></span> 
     </span>
     <span class='ocr_line' id='line_1_52' title="bbox 454 3976 746 4028; baseline -0.017 0"><span class='ocrx_word' id='word_1_280' title='bbox 454 3976 746 4028; x_wconf 70' lang='lat' dir='ltr'><strong>Freimm.</strong></span> 
     </span>
     <span class='ocr_line' id='line_1_53' title="bbox 458 4047 1516 4114; baseline -0.002 -14"><span class='ocrx_word' id='word_1_281' title='bbox 458 4079 466 4084; x_wconf 93' lang='lat'>·</span> <span class='ocrx_word' id='word_1_282' title='bbox 517 4052 586 4101; x_wconf 80' lang='lat' dir='ltr'><strong>Et</strong></span> <span class='ocrx_word' id='word_1_283' title='bbox 608 4049 873 4112; x_wconf 63' lang='lat' dir='ltr'><strong>transfugis</strong></span> <span class='ocrx_word' id='word_1_284' title='bbox 888 4050 1120 4114; x_wconf 63' lang='lat' dir='ltr'><strong>panutius</strong></span> <span class='ocrx_word' id='word_1_285' title='bbox 1139 4048 1364 4110; x_wconf 72' lang='lat' dir='ltr'><strong>nudatus]</strong></span> <span class='ocrx_word' id='word_1_286' title='bbox 1395 4047 1516 4098; x_wconf 83' lang='lat' dir='ltr'><strong>Hoc</strong></span> 
     </span>
     <span class='ocr_line' id='line_1_54' title="bbox 451 4124 1513 4191; baseline -0.004 -12"><span class='ocrx_word' id='word_1_287' title='bbox 451 4142 516 4179; x_wconf 83' lang='lat' dir='ltr'><strong>eo</strong></span> <span class='ocrx_word' id='word_1_288' title='bbox 536 4127 784 4191; x_wconf 84' lang='lat' dir='ltr'><strong>pertinet,</strong></span> <span class='ocrx_word' id='word_1_289' title='bbox 825 4124 961 4190; x_wconf 87' lang='lat' dir='ltr'><strong>quod</strong></span> <span class='ocrx_word' id='word_1_290' title='bbox 994 4139 1149 4189; x_wconf 87' lang='lat' dir='ltr'><strong>supra</strong></span> <span class='ocrx_word' id='word_1_291' title='bbox 1189 4124 1419 4188; x_wconf 85' lang='lat' dir='ltr'><strong>proxime</strong></span> <span class='ocrx_word' id='word_1_292' title='bbox 1441 4125 1513 4175; x_wconf 88' lang='lat' dir='ltr'><strong>le-</strong></span> 
     </span>
     <span class='ocr_line' id='line_1_55' title="bbox 449 4202 1517 4269; baseline -0.004 -14"><span class='ocrx_word' id='word_1_293' title='bbox 449 4205 627 4269; x_wconf 81' lang='lat' dir='ltr'><strong>gitur:</strong></span> <span class='ocrx_word' id='word_1_294' title='bbox 657 4205 673 4231; x_wconf 79' lang='lat'><strong><em>⁴</em></strong></span> <span class='ocrx_word' id='word_1_295' title='bbox 702 4203 773 4254; x_wconf 88' lang='lat' dir='ltr'><strong>Ni</strong></span> <span class='ocrx_word' id='word_1_296' title='bbox 803 4202 1177 4267; x_wconf 75' lang='lat' dir='ltr'><strong>Inguiomerus,</strong></span> <span class='ocrx_word' id='word_1_297' title='bbox 1208 4216 1324 4251; x_wconf 90' lang='lat' dir='ltr'><strong>cum</strong></span> <span class='ocrx_word' id='word_1_298' title='bbox 1360 4216 1517 4254; x_wconf 78' lang='lat' dir='ltr'><strong>mun</strong></span> 
     </span>
     <span class='ocr_line' id='line_1_56' title="bbox 452 4275 1519 4343; baseline -0.005 -10"><span class='ocrx_word' id='word_1_299' title='bbox 452 4281 701 4333; x_wconf 80' lang='lat' dir='ltr'><strong>clientum</strong></span> <span class='ocrx_word' id='word_1_300' title='bbox 736 4279 803 4330; x_wconf 85' lang='lat' dir='ltr'><strong>ad</strong></span> <span class='ocrx_word' id='word_1_301' title='bbox 846 4277 1225 4338; x_wconf 68' lang='lat' dir='ltr'><strong>Maroboduum</strong></span> <span class='ocrx_word' id='word_1_302' title='bbox 1263 4275 1519 4343; x_wconf 80' lang='lat' dir='ltr'><strong>perfugis-</strong></span> 
     </span>
    </p>
   </div>
   <div class='ocr_carea' id='block_1_11' title="bbox 1572 919 2656 4340">
    <p class='ocr_par' dir='ltr' id='par_1_11' title="bbox 1572 919 2645 2819">
     <span class='ocr_line' id='line_1_57' title="bbox 1574 919 2637 987; baseline -0.003 -15"><span class='ocrx_word' id='word_1_303' title='bbox 1574 920 1829 972; x_wconf 80' lang='lat' dir='ltr'><strong>fecerant.</strong></span> <span class='ocrx_word' id='word_1_304' title='bbox 1894 923 1978 971; x_wconf 85' lang='lat' dir='ltr'><strong>De</strong></span> <span class='ocrx_word' id='word_1_305' title='bbox 1999 922 2186 987; x_wconf 87' lang='lat' dir='ltr'><strong>quibus</strong></span> <span class='ocrx_word' id='word_1_306' title='bbox 2224 934 2380 986; x_wconf 85' lang='lat' dir='ltr'><strong>snpra</strong></span> <span class='ocrx_word' id='word_1_307' title='bbox 2408 919 2637 970; x_wconf 80' lang='lat' dir='ltr'><strong>Tacitus.</strong></span> 
     </span>
     <span class='ocr_line' id='line_1_58' title="bbox 1572 996 2639 1059; baseline -0.004 -10"><span class='ocrx_word' id='word_1_308' title='bbox 1572 1000 1648 1049; x_wconf 88' lang='lat' dir='ltr'><strong>Hi</strong></span> <span class='ocrx_word' id='word_1_309' title='bbox 1700 997 1897 1050; x_wconf 82' lang='lat' dir='ltr'><strong>afflicta</strong></span> <span class='ocrx_word' id='word_1_310' title='bbox 1948 997 2260 1049; x_wconf 84' lang='lat' dir='ltr'><strong>Marobodui</strong></span> <span class='ocrx_word' id='word_1_311' title='bbox 2303 996 2531 1059; x_wconf 81' lang='lat' dir='ltr'><strong>fortuna,</strong></span> <span class='ocrx_word' id='word_1_312' title='bbox 2574 1002 2639 1046; x_wconf 90' lang='lat' dir='ltr'><strong>ut</strong></span> 
     </span>
     <span class='ocr_line' id='line_1_59' title="bbox 1573 1073 2643 1134; baseline -0.002 -9"><span class='ocrx_word' id='word_1_313' title='bbox 1573 1077 1702 1125; x_wconf 86' lang='lat' dir='ltr'><strong>tales</strong></span> <span class='ocrx_word' id='word_1_314' title='bbox 1739 1077 1928 1134; x_wconf 87' lang='lat' dir='ltr'><strong>solent,</strong></span> <span class='ocrx_word' id='word_1_315' title='bbox 1960 1089 2078 1125; x_wconf 90' lang='lat' dir='ltr'><strong>eum</strong></span> <span class='ocrx_word' id='word_1_316' title='bbox 2113 1075 2409 1125; x_wconf 86' lang='lat' dir='ltr'><strong>deseruere.</strong></span> <span class='ocrx_word' id='word_1_317' title='bbox 2477 1073 2643 1124; x_wconf 81' lang='lat' dir='ltr'><strong>Nulla</strong></span> 
     </span>
     <span class='ocr_line' id='line_1_60' title="bbox 1575 1151 2639 1216; baseline -0.003 -14"><span class='ocrx_word' id='word_1_318' title='bbox 1575 1152 1765 1216; x_wconf 86' lang='lat' dir='ltr'><strong>quippe</strong></span> <span class='ocrx_word' id='word_1_319' title='bbox 1786 1152 2080 1202; x_wconf 86' lang='lat' dir='ltr'><strong>constantia</strong></span> <span class='ocrx_word' id='word_1_320' title='bbox 2100 1151 2222 1201; x_wconf 84' lang='lat' dir='ltr'><strong>fidei</strong></span> <span class='ocrx_word' id='word_1_321' title='bbox 2245 1152 2298 1199; x_wconf 90' lang='lat' dir='ltr'><strong>in</strong></span> <span class='ocrx_word' id='word_1_322' title='bbox 2321 1151 2452 1211; x_wconf 88' lang='lat' dir='ltr'><strong>istis,</strong></span> <span class='ocrx_word' id='word_1_323' title='bbox 2467 1164 2639 1215; x_wconf 87' lang='lat' dir='ltr'><strong>neque</strong></span> 
     </span>
     <span class='ocr_line' id='line_1_61' title="bbox 1573 1225 2639 1292; baseline -0.002 -16"><span class='ocrx_word' id='word_1_324' title='bbox 1573 1227 1636 1276; x_wconf 87' lang='lat' dir='ltr'><strong>iis</strong></span> <span class='ocrx_word' id='word_1_325' title='bbox 1657 1227 1939 1290; x_wconf 82' lang='lat' dir='ltr'><strong>fidendum,</strong></span> <span class='ocrx_word' id='word_1_326' title='bbox 1971 1227 2059 1292; x_wconf 87' lang='lat' dir='ltr'><strong>qui</strong></span> <span class='ocrx_word' id='word_1_327' title='bbox 2095 1227 2150 1275; x_wconf 89' lang='lat' dir='ltr'><strong>in</strong></span> <span class='ocrx_word' id='word_1_328' title='bbox 2185 1240 2304 1277; x_wconf 90' lang='lat' dir='ltr'><strong>suos</strong></span> <span class='ocrx_word' id='word_1_329' title='bbox 2341 1225 2498 1275; x_wconf 80' lang='lat' dir='ltr'><strong>iidem</strong></span> <span class='ocrx_word' id='word_1_330' title='bbox 2535 1239 2639 1275; x_wconf 88' lang='lat' dir='ltr'><strong>non</strong></span> 
     </span>
     <span class='ocr_line' id='line_1_62' title="bbox 1574 1302 2640 1354; baseline 0.001 -3"><span class='ocrx_word' id='word_1_331' title='bbox 1574 1316 1865 1354; x_wconf 80' lang='lat' dir='ltr'><strong>servavere.</strong></span> <span class='ocrx_word' id='word_1_332' title='bbox 1931 1304 2177 1353; x_wconf 61' lang='lat' dir='ltr'><strong>Bos-horn.</strong></span> <span class='ocrx_word' id='word_1_333' title='bbox 2264 1302 2442 1354; x_wconf 83' lang='lat' dir='ltr'><strong>Quare</strong></span> <span class='ocrx_word' id='word_1_334' title='bbox 2463 1308 2640 1352; x_wconf 79' lang='lat' dir='ltr'><strong>autem</strong></span> 
     </span>
     <span class='ocr_line' id='line_1_63' title="bbox 1573 1377 2642 1444; baseline 0 -17"><span class='ocrx_word' id='word_1_335' title='bbox 1573 1379 1652 1428; x_wconf 78' lang='lat' dir='ltr'><strong>his</strong></span> <span class='ocrx_word' id='word_1_336' title='bbox 1687 1380 1859 1444; x_wconf 87' lang='lat' dir='ltr'><strong>potius</strong></span> <span class='ocrx_word' id='word_1_337' title='bbox 1892 1393 2045 1444; x_wconf 87' lang='lat' dir='ltr'><strong>quam</strong></span> <span class='ocrx_word' id='word_1_338' title='bbox 2076 1377 2341 1444; x_wconf 80' lang='lat' dir='ltr'><strong>quibusvis</strong></span> <span class='ocrx_word' id='word_1_339' title='bbox 2359 1377 2492 1441; x_wconf 86' lang='lat' dir='ltr'><strong>aliis,</strong></span> <span class='ocrx_word' id='word_1_340' title='bbox 2512 1391 2642 1442; x_wconf 83' lang='lat' dir='ltr'><strong>quos</strong></span> 
     </span>
     <span class='ocr_line' id='line_1_64' title="bbox 1574 1454 2641 1521; baseline 0 -17"><span class='ocrx_word' id='word_1_341' title='bbox 1574 1456 1759 1507; x_wconf 82' lang='lat' dir='ltr'><strong>levitas</strong></span> <span class='ocrx_word' id='word_1_342' title='bbox 1776 1456 2099 1521; x_wconf 76' lang='lat' dir='ltr'><strong>ingeniorum</strong></span> <span class='ocrx_word' id='word_1_343' title='bbox 2122 1454 2334 1520; x_wconf 86' lang='lat' dir='ltr'><strong>ubique,</strong></span> <span class='ocrx_word' id='word_1_344' title='bbox 2364 1454 2457 1504; x_wconf 85' lang='lat' dir='ltr'><strong>sed</strong></span> <span class='ocrx_word' id='word_1_345' title='bbox 2478 1455 2641 1519; x_wconf 82' lang='lat' dir='ltr'><strong>magis</strong></span> 
     </span>
     <span class='ocr_line' id='line_1_65' title="bbox 1577 1530 2640 1596; baseline 0 -14"><span class='ocrx_word' id='word_1_346' title='bbox 1577 1532 1713 1596; x_wconf 85' lang='lat' dir='ltr'><strong>apud</strong></span> <span class='ocrx_word' id='word_1_347' title='bbox 1735 1530 2008 1582; x_wconf 85' lang='lat' dir='ltr'><strong>inferiores</strong></span> <span class='ocrx_word' id='word_1_348' title='bbox 2028 1530 2255 1594; x_wconf 78' lang='lat' dir='ltr'><strong>fortuna,</strong></span> <span class='ocrx_word' id='word_1_349' title='bbox 2276 1532 2510 1595; x_wconf 70' lang='lat' dir='ltr'><strong>praebet?</strong></span> <span class='ocrx_word' id='word_1_350' title='bbox 2553 1532 2640 1582; x_wconf 90' lang='lat' dir='ltr'><strong>An</strong></span> 
     </span>
     <span class='ocr_line' id='line_1_66' title="bbox 1578 1606 2639 1672; baseline 0.001 -15"><span class='ocrx_word' id='word_1_351' title='bbox 1578 1622 1679 1657; x_wconf 86' lang='lat' dir='ltr'><strong>non</strong></span> <span class='ocrx_word' id='word_1_352' title='bbox 1700 1609 1833 1657; x_wconf 81' lang='lat' dir='ltr'><strong>dixit</strong></span> <span class='ocrx_word' id='word_1_353' title='bbox 1852 1607 2069 1657; x_wconf 82' lang='lat' dir='ltr'><strong>Tacitus</strong></span> <span class='ocrx_word' id='word_1_354' title='bbox 2095 1609 2204 1672; x_wconf 82' lang='lat' dir='ltr'><strong>jam</strong></span> <span class='ocrx_word' id='word_1_355' title='bbox 2243 1606 2310 1656; x_wconf 81' lang='lat' dir='ltr'><strong>ab</strong></span> <span class='ocrx_word' id='word_1_356' title='bbox 2346 1608 2492 1657; x_wconf 90' lang='lat' dir='ltr'><strong>initio</strong></span> <span class='ocrx_word' id='word_1_357' title='bbox 2513 1606 2639 1658; x_wconf 86' lang='lat' dir='ltr'><strong>belli</strong></span> 
     </span>
     <span class='ocr_line' id='line_1_67' title="bbox 1578 1682 2641 1748; baseline 0.001 -15"><span class='ocrx_word' id='word_1_358' title='bbox 1578 1684 1858 1733; x_wconf 82' lang='lat' dir='ltr'><strong>Semnones</strong></span> <span class='ocrx_word' id='word_1_359' title='bbox 1893 1688 1949 1733; x_wconf 88' lang='lat' dir='ltr'><strong>et</strong></span> <span class='ocrx_word' id='word_1_360' title='bbox 1975 1682 2345 1746; x_wconf 65' lang='lat' dir='ltr'><strong>langobardos</strong></span> <span class='ocrx_word' id='word_1_361' title='bbox 2383 1697 2586 1748; x_wconf 80' lang='lat' dir='ltr'><strong>quoque</strong></span> <span class='ocrx_word' id='word_1_362' title='bbox 2610 1698 2641 1734; x_wconf 77' lang='lat' dir='ltr'><strong>e</strong></span> 
     </span>
     <span class='ocr_line' id='line_1_68' title="bbox 1579 1760 2642 1824; baseline 0.002 -15"><span class='ocrx_word' id='word_1_363' title='bbox 1579 1775 1740 1824; x_wconf 80' lang='lat' dir='ltr'><strong>regno</strong></span> <span class='ocrx_word' id='word_1_364' title='bbox 1759 1761 2069 1811; x_wconf 82' lang='lat' dir='ltr'><strong>Marobodui</strong></span> <span class='ocrx_word' id='word_1_365' title='bbox 2094 1760 2346 1811; x_wconf 77' lang='lat' dir='ltr'><strong>defecisse</strong></span> <span class='ocrx_word' id='word_1_366' title='bbox 2369 1762 2433 1810; x_wconf 82' lang='lat' dir='ltr'><strong>ad</strong></span> <span class='ocrx_word' id='word_1_367' title='bbox 2468 1760 2642 1811; x_wconf 85' lang='lat' dir='ltr'><strong>Armi·</strong></span> 
     </span>
     <span class='ocr_line' id='line_1_69' title="bbox 1577 1836 2643 1903; baseline 0.001 -17"><span class='ocrx_word' id='word_1_368' title='bbox 1577 1836 1753 1886; x_wconf 84' lang='lat' dir='ltr'><strong>nium?</strong></span> <span class='ocrx_word' id='word_1_369' title='bbox 1806 1838 2019 1890; x_wconf 83' lang='lat' dir='ltr'><strong>Quanto</strong></span> <span class='ocrx_word' id='word_1_370' title='bbox 2061 1838 2227 1902; x_wconf 81' lang='lat' dir='ltr'><strong>magis</strong></span> <span class='ocrx_word' id='word_1_371' title='bbox 2270 1837 2474 1903; x_wconf 78' lang='lat' dir='ltr'><strong>quosvis</strong></span> <span class='ocrx_word' id='word_1_372' title='bbox 2512 1838 2643 1887; x_wconf 89' lang='lat' dir='ltr'><strong>alios</strong></span> 
     </span>
     <span class='ocr_line' id='line_1_70' title="bbox 1578 1912 2642 1979; baseline 0.001 -18"><span class='ocrx_word' id='word_1_373' title='bbox 1578 1913 1828 1964; x_wconf 89' lang='lat' dir='ltr'><strong>inclinato</strong></span> <span class='ocrx_word' id='word_1_374' title='bbox 1848 1913 2025 1963; x_wconf 82' lang='lat' dir='ltr'><strong>statu?</strong></span> <span class='ocrx_word' id='word_1_375' title='bbox 2053 1915 2244 1979; x_wconf 86' lang='lat' dir='ltr'><strong>Neque</strong></span> <span class='ocrx_word' id='word_1_376' title='bbox 2263 1912 2388 1961; x_wconf 86' lang='lat' dir='ltr'><strong>illud</strong></span> <span class='ocrx_word' id='word_1_377' title='bbox 2408 1913 2642 1976; x_wconf 72' lang='lat' dir='ltr'><strong>paulatin·</strong></span> 
     </span>
     <span class='ocr_line' id='line_1_71' title="bbox 1577 1989 2645 2054; baseline 0.001 -15"><span class='ocrx_word' id='word_1_378' title='bbox 1577 1991 1780 2039; x_wconf 55' lang='lat' dir='ltr'><strong>addus</strong></span> <span class='ocrx_word' id='word_1_379' title='bbox 1798 1989 1863 2039; x_wconf 82' lang='lat' dir='ltr'><strong>de</strong></span> <span class='ocrx_word' id='word_1_380' title='bbox 1881 1989 2061 2053; x_wconf 78' lang='lat' dir='ltr'><strong>paucis</strong></span> <span class='ocrx_word' id='word_1_381' title='bbox 2076 1996 2166 2039; x_wconf 89' lang='lat' dir='ltr'><strong>aut</strong></span> <span class='ocrx_word' id='word_1_382' title='bbox 2180 2005 2284 2039; x_wconf 88' lang='lat' dir='ltr'><strong>uuo</strong></span> <span class='ocrx_word' id='word_1_383' title='bbox 2304 2005 2497 2054; x_wconf 78' lang='lat' dir='ltr'><strong>genere</strong></span> <span class='ocrx_word' id='word_1_384' title='bbox 2514 1992 2645 2040; x_wconf 84' lang='lat' dir='ltr'><strong>mul-</strong></span> 
     </span>
     <span class='ocr_line' id='line_1_72' title="bbox 1577 2065 2643 2131; baseline 0.002 -17"><span class='ocrx_word' id='word_1_385' title='bbox 1577 2065 1818 2116; x_wconf 84' lang='lat' dir='ltr'><strong>titudinis</strong></span> <span class='ocrx_word' id='word_1_386' title='bbox 1860 2065 1986 2115; x_wconf 82' lang='lat' dir='ltr'><strong>satis</strong></span> <span class='ocrx_word' id='word_1_387' title='bbox 2041 2065 2308 2115; x_wconf 89' lang='lat' dir='ltr'><strong>commode</strong></span> <span class='ocrx_word' id='word_1_388' title='bbox 2358 2066 2643 2131; x_wconf 83' lang='lat' dir='ltr'><strong>intelligas.</strong></span> 
     </span>
     <span class='ocr_line' id='line_1_73' title="bbox 1581 2141 2645 2207; baseline 0.002 -17"><span class='ocrx_word' id='word_1_389' title='bbox 1581 2141 1854 2192; x_wconf 84' lang='lat' dir='ltr'><strong>Subscribo</strong></span> <span class='ocrx_word' id='word_1_390' title='bbox 1906 2142 2068 2207; x_wconf 86' lang='lat' dir='ltr'><strong>igitur</strong></span> <span class='ocrx_word' id='word_1_391' title='bbox 2125 2142 2326 2207; x_wconf 88' lang='lat' dir='ltr'><strong>Lipsio,</strong></span> <span class='ocrx_word' id='word_1_392' title='bbox 2376 2157 2532 2207; x_wconf 85' lang='lat' dir='ltr'><strong>quem</strong></span> <span class='ocrx_word' id='word_1_393' title='bbox 2585 2148 2645 2193; x_wconf 86' lang='lat' dir='ltr'><strong>et</strong></span> 
     </span>
     <span class='ocr_line' id='line_1_74' title="bbox 1580 2217 2642 2269; baseline 0.001 -2"><span class='ocrx_word' id='word_1_394' title='bbox 1580 2217 1959 2269; x_wconf 85' lang='lat' dir='ltr'><strong>Freinshemius</strong></span> <span class='ocrx_word' id='word_1_395' title='bbox 1980 2224 2221 2268; x_wconf 82' lang='lat' dir='ltr'><strong>secutus:</strong></span> <span class='ocrx_word' id='word_1_396' title='bbox 2248 2218 2407 2268; x_wconf 77' lang='lat' dir='ltr'><strong>Multi</strong></span> <span class='ocrx_word' id='word_1_397' title='bbox 2421 2217 2642 2268; x_wconf 84' lang='lat' dir='ltr'><strong>subinde</strong></span> 
     </span>
     <span class='ocr_line' id='line_1_75' title="bbox 1581 2293 2645 2358; baseline 0.002 -16"><span class='ocrx_word' id='word_1_398' title='bbox 1581 2308 1648 2343; x_wconf 76' lang='lat' dir='ltr'><strong>ex</strong></span> <span class='ocrx_word' id='word_1_399' title='bbox 1669 2293 1827 2357; x_wconf 86' lang='lat' dir='ltr'><strong>ipsius</strong></span> <span class='ocrx_word' id='word_1_400' title='bbox 1847 2294 2080 2358; x_wconf 79' lang='lat' dir='ltr'><strong>partibus</strong></span> <span class='ocrx_word' id='word_1_401' title='bbox 2094 2294 2160 2343; x_wconf 84' lang='lat' dir='ltr'><strong>ad</strong></span> <span class='ocrx_word' id='word_1_402' title='bbox 2179 2294 2461 2343; x_wconf 82' lang='lat' dir='ltr'><strong>Arminium</strong></span> <span class='ocrx_word' id='word_1_403' title='bbox 2481 2299 2645 2344; x_wconf 85' lang='lat' dir='ltr'><strong>trans·</strong></span> 
     </span>
     <span class='ocr_line' id='line_1_76' title="bbox 1581 2369 2644 2434; baseline 0.001 -14"><span class='ocrx_word' id='word_1_404' title='bbox 1581 2369 1855 2434; x_wconf 79' lang='lat' dir='ltr'><strong>fugerunt3</strong></span> <span class='ocrx_word' id='word_1_405' title='bbox 1907 2378 1962 2422; x_wconf 90' lang='lat' dir='ltr'><strong>et</strong></span> <span class='ocrx_word' id='word_1_406' title='bbox 1984 2371 2059 2420; x_wconf 86' lang='lat' dir='ltr'><strong>sie</strong></span> <span class='ocrx_word' id='word_1_407' title='bbox 2081 2385 2198 2422; x_wconf 83' lang='lat' dir='ltr'><strong>cum</strong></span> <span class='ocrx_word' id='word_1_408' title='bbox 2229 2370 2364 2419; x_wconf 78' lang='lat' dir='ltr'><strong>vires</strong></span> <span class='ocrx_word' id='word_1_409' title='bbox 2399 2384 2517 2420; x_wconf 84' lang='lat' dir='ltr'><strong>suas</strong></span> <span class='ocrx_word' id='word_1_410' title='bbox 2553 2371 2644 2421; x_wconf 86' lang='lat' dir='ltr'><strong>de-</strong></span> 
     </span>
     <span class='ocr_line' id='line_1_77' title="bbox 1581 2447 2644 2513; baseline 0.002 -16"><span class='ocrx_word' id='word_1_411' title='bbox 1581 2461 1838 2510; x_wconf 83' lang='lat' dir='ltr'><strong>crescere,</strong></span> <span class='ocrx_word' id='word_1_412' title='bbox 1857 2462 2013 2513; x_wconf 88' lang='lat' dir='ltr'><strong>seque</strong></span> <span class='ocrx_word' id='word_1_413' title='bbox 2051 2448 2296 2512; x_wconf 82' lang='lat' dir='ltr'><strong>paulatim</strong></span> <span class='ocrx_word' id='word_1_414' title='bbox 2331 2447 2493 2512; x_wconf 88' lang='lat' dir='ltr'><strong>copiis</strong></span> <span class='ocrx_word' id='word_1_415' title='bbox 2524 2450 2644 2499; x_wconf 83' lang='lat' dir='ltr'><strong>exui</strong></span> 
     </span>
     <span class='ocr_line' id='line_1_78' title="bbox 1583 2523 2645 2575; baseline 0.001 -2"><span class='ocrx_word' id='word_1_416' title='bbox 1583 2523 2038 2575; x_wconf 78' lang='lat' dir='ltr'><strong>animadverteret.</strong></span> <span class='ocrx_word' id='word_1_417' title='bbox 2103 2524 2244 2575; x_wconf 82' lang='lat' dir='ltr'><strong>Hist.</strong></span> <span class='ocrx_word' id='word_1_418' title='bbox 2262 2524 2354 2574; x_wconf 86' lang='lat' dir='ltr'><strong>lib.</strong></span> <span class='ocrx_word' id='word_1_419' title='bbox 2379 2538 2443 2574; x_wconf 85' lang='lat'><strong>11.</strong></span> <span class='ocrx_word' id='word_1_420' title='bbox 2485 2526 2645 2575; x_wconf 78' lang='lat' dir='ltr'><strong>‘Cre-</strong></span> 
     </span>
     <span class='ocr_line' id='line_1_79' title="bbox 1581 2598 2642 2665; baseline 0.001 -16"><span class='ocrx_word' id='word_1_421' title='bbox 1581 2598 1690 2649; x_wconf 85' lang='lat' dir='ltr'><strong>bris</strong></span> <span class='ocrx_word' id='word_1_422' title='bbox 1712 2600 1840 2650; x_wconf 86' lang='lat' dir='ltr'><strong>utin</strong></span> <span class='ocrx_word' id='word_1_423' title='bbox 1858 2599 1995 2651; x_wconf 77' lang='lat' dir='ltr'><strong>civili</strong></span> <span class='ocrx_word' id='word_1_424' title='bbox 2019 2599 2160 2650; x_wconf 89' lang='lat' dir='ltr'><strong>bello</strong></span> <span class='ocrx_word' id='word_1_425' title='bbox 2180 2599 2520 2665; x_wconf 66' lang='lat' dir='ltr'><strong>transfugiis!</strong></span> <span class='ocrx_word' id='word_1_426' title='bbox 2580 2601 2642 2650; x_wconf 80' lang='lat'><strong>1..</strong></span> 
     </span>
     <span class='ocr_line' id='line_1_80' title="bbox 1585 2674 2645 2740; baseline 0.002 -16"><span class='ocrx_word' id='word_1_427' title='bbox 1585 2689 1677 2726; x_wconf 85' lang='grc' dir='ltr'><strong>ιιι.</strong></span> <span class='ocrx_word' id='word_1_428' title='bbox 1707 2677 1725 2704; x_wconf 87' lang='lat'>‘</span> <span class='ocrx_word' id='word_1_429' title='bbox 1751 2676 1952 2727; x_wconf 85' lang='lat' dir='ltr'><strong>Crebra</strong></span> <span class='ocrx_word' id='word_1_430' title='bbox 1988 2674 2277 2740; x_wconf 83' lang='lat' dir='ltr'><strong>transfugia</strong></span> <span class='ocrx_word' id='word_1_431' title='bbox 2318 2677 2645 2727; x_wconf 87' lang='lat' dir='ltr'><strong>tribunorum</strong></span> 
     </span>
     <span class='ocr_line' id='line_1_81' title="bbox 1584 2753 2352 2819; baseline -0.001 -16"><span class='ocrx_word' id='word_1_432' title='bbox 1584 2753 2077 2819; x_wconf 70' lang='lat' dir='ltr'><strong>centurionumque!</strong></span> <span class='ocrx_word' id='word_1_433' title='bbox 2145 2753 2352 2803; x_wconf 74' lang='lat' dir='ltr'><strong>Gronov.</strong></span> 
     </span>
    </p>

    <p class='ocr_par' dir='ltr' id='par_1_12' title="bbox 1585 2829 2656 4340">
     <span class='ocr_line' id='line_1_82' title="bbox 1651 2829 2646 2881; baseline 0 -2"><span class='ocrx_word' id='word_1_434' title='bbox 1651 2830 1880 2881; x_wconf 63' lang='lat' dir='ltr'><strong>CAPAT.</strong></span> <span class='ocrx_word' id='word_1_435' title='bbox 1903 2831 2212 2880; x_wconf 69' lang='lat' dir='ltr'><strong>Eudemum</strong></span> <span class='ocrx_word' id='word_1_436' title='bbox 2222 2831 2466 2881; x_wconf 73' lang='lat' dir='ltr'><strong>duodecim</strong></span> <span class='ocrx_word' id='word_1_437' title='bbox 2476 2829 2646 2880; x_wconf 69' lang='lat' dir='ltr'><strong>celebr.</strong></span> 
     </span>
     <span class='ocr_line' id='line_1_83' title="bbox 1585 2905 2648 2969; baseline -0.001 -13"><span class='ocrx_word' id='word_1_438' title='bbox 1585 2906 1719 2956; x_wconf 70' lang='grc' dir='ltr'><strong><em>Λεία·</em></strong></span> <span class='ocrx_word' id='word_1_439' title='bbox 1738 2905 1897 2969; x_wconf 71' lang='lat' dir='ltr'><strong>urbes]</strong></span> <span class='ocrx_word' id='word_1_440' title='bbox 1926 2908 2102 2956; x_wconf 74' lang='lat' dir='ltr'><strong>Terrae</strong></span> <span class='ocrx_word' id='word_1_441' title='bbox 2118 2912 2260 2956; x_wconf 87' lang='lat' dir='ltr'><strong>motu</strong></span> <span class='ocrx_word' id='word_1_442' title='bbox 2277 2920 2392 2957; x_wconf 89' lang='lat' dir='ltr'><strong>cum</strong></span> <span class='ocrx_word' id='word_1_443' title='bbox 2414 2906 2648 2956; x_wconf 87' lang='lat' dir='ltr'><strong>dominus</strong></span> 
     </span>
     <span class='ocr_line' id='line_1_84' title="bbox 1585 2981 2648 3045; baseline -0.002 -12"><span class='ocrx_word' id='word_1_444' title='bbox 1585 2991 1765 3033; x_wconf 87' lang='lat' dir='ltr'><strong>noster</strong></span> <span class='ocrx_word' id='word_1_445' title='bbox 1785 2983 1939 3033; x_wconf 76' lang='lat' dir='ltr'><strong>Jesus</strong></span> <span class='ocrx_word' id='word_1_446' title='bbox 1972 2982 2248 3033; x_wconf 72' lang='lat' dir='ltr'><strong>crucifixus</strong></span> <span class='ocrx_word' id='word_1_447' title='bbox 2278 2990 2378 3045; x_wconf 84' lang='lat' dir='ltr'><strong>est,</strong></span> <span class='ocrx_word' id='word_1_448' title='bbox 2408 2981 2550 3032; x_wconf 77' lang='lat' dir='ltr'><strong>Asioe</strong></span> <span class='ocrx_word' id='word_1_449' title='bbox 2574 2982 2648 3033; x_wconf 90' lang='lat' dir='ltr'><strong>ci-</strong></span> 
     </span>
     <span class='ocr_line' id='line_1_85' title="bbox 1585 3058 2650 3124; baseline 0 -17"><span class='ocrx_word' id='word_1_450' title='bbox 1585 3058 1779 3108; x_wconf 83' lang='lat' dir='ltr'><strong>vitates</strong></span> <span class='ocrx_word' id='word_1_451' title='bbox 1797 3059 2013 3121; x_wconf 85' lang='lat' dir='ltr'><strong>dirutas,</strong></span> <span class='ocrx_word' id='word_1_452' title='bbox 2034 3059 2216 3124; x_wconf 89' lang='lat' dir='ltr'><strong>quibus</strong></span> <span class='ocrx_word' id='word_1_453' title='bbox 2251 3059 2520 3108; x_wconf 87' lang='lat' dir='ltr'><strong>remissum</strong></span> <span class='ocrx_word' id='word_1_454' title='bbox 2557 3058 2650 3107; x_wconf 85' lang='lat' dir='ltr'><strong>tri·</strong></span> 
     </span>
     <span class='ocr_line' id='line_1_86' title="bbox 1586 3133 2646 3198; baseline 0 -15"><span class='ocrx_word' id='word_1_455' title='bbox 1586 3133 1787 3198; x_wconf 82' lang='lat' dir='ltr'><strong>butum,</strong></span> <span class='ocrx_word' id='word_1_456' title='bbox 1806 3141 1863 3184; x_wconf 91' lang='lat' dir='ltr'><strong>et</strong></span> <span class='ocrx_word' id='word_1_457' title='bbox 1899 3134 2078 3185; x_wconf 79' lang='lat' dir='ltr'><strong>datam</strong></span> <span class='ocrx_word' id='word_1_458' title='bbox 2116 3134 2411 3185; x_wconf 86' lang='lat' dir='ltr'><strong>libertatem</strong></span> <span class='ocrx_word' id='word_1_459' title='bbox 2452 3135 2646 3184; x_wconf 81' lang='lat' dir='ltr'><strong>Paulus</strong></span> 
     </span>
     <span class='ocr_line' id='line_1_87' title="bbox 1588 3208 2650 3275; baseline 0.002 -16"><span class='ocrx_word' id='word_1_460' title='bbox 1588 3209 1804 3259; x_wconf 86' lang='lat' dir='ltr'><strong>Orosius</strong></span> <span class='ocrx_word' id='word_1_461' title='bbox 1838 3208 2022 3274; x_wconf 83' lang='lat' dir='ltr'><strong>refert,</strong></span> <span class='ocrx_word' id='word_1_462' title='bbox 2056 3211 2232 3261; x_wconf 83' lang='lat' dir='ltr'><strong>nescio</strong></span> <span class='ocrx_word' id='word_1_463' title='bbox 2270 3225 2399 3275; x_wconf 86' lang='lat' dir='ltr'><strong>quos</strong></span> <span class='ocrx_word' id='word_1_464' title='bbox 2437 3218 2650 3261; x_wconf 78' lang='lat' dir='ltr'><strong>secutus</strong></span> 
     </span>
     <span class='ocr_line' id='line_1_88' title="bbox 1587 3286 2650 3350; baseline 0.001 -15"><span class='ocrx_word' id='word_1_465' title='bbox 1587 3293 1842 3336; x_wconf 85' lang='lat' dir='ltr'><strong>auctores.</strong></span> <span class='ocrx_word' id='word_1_466' title='bbox 1921 3287 2050 3350; x_wconf 86' lang='lat' dir='ltr'><strong>Ejus</strong></span> <span class='ocrx_word' id='word_1_467' title='bbox 2087 3293 2231 3336; x_wconf 88' lang='lat' dir='ltr'><strong>certe</strong></span> <span class='ocrx_word' id='word_1_468' title='bbox 2272 3287 2454 3336; x_wconf 87' lang='lat' dir='ltr'><strong>relatio</strong></span> <span class='ocrx_word' id='word_1_469' title='bbox 2500 3286 2650 3337; x_wconf 81' lang='lat' dir='ltr'><strong>anuis</strong></span> 
     </span>
     <span class='ocr_line' id='line_1_89' title="bbox 1586 3363 2653 3429; baseline 0.002 -17"><span class='ocrx_word' id='word_1_470' title='bbox 1586 3376 1702 3414; x_wconf 76' lang='lat' dir='ltr'><strong>xxv.</strong></span> <span class='ocrx_word' id='word_1_471' title='bbox 1747 3364 1998 3427; x_wconf 82' lang='lat' dir='ltr'><strong>posterior</strong></span> <span class='ocrx_word' id='word_1_472' title='bbox 2037 3365 2318 3429; x_wconf 81' lang='lat' dir='ltr'><strong>scriptione</strong></span> <span class='ocrx_word' id='word_1_473' title='bbox 2357 3363 2543 3413; x_wconf 88' lang='lat' dir='ltr'><strong>Dionis</strong></span> <span class='ocrx_word' id='word_1_474' title='bbox 2594 3370 2653 3414; x_wconf 88' lang='lat' dir='ltr'><strong>et</strong></span> 
     </span>
     <span class='ocr_line' id='line_1_90' title="bbox 1588 3437 2652 3504; baseline 0 -15"><span class='ocrx_word' id='word_1_475' title='bbox 1588 3438 1814 3489; x_wconf 88' lang='lat' dir='ltr'><strong>Cornelii</strong></span> <span class='ocrx_word' id='word_1_476' title='bbox 1836 3446 1949 3490; x_wconf 84' lang='lat' dir='ltr'><strong>est:</strong></span> <span class='ocrx_word' id='word_1_477' title='bbox 1992 3440 2090 3493; x_wconf 80' lang='lat' dir='ltr'><strong>boe</strong></span> <span class='ocrx_word' id='word_1_478' title='bbox 2112 3449 2369 3504; x_wconf 64' lang='lat' dir='ltr'><strong>praeterea</strong></span> <span class='ocrx_word' id='word_1_479' title='bbox 2389 3437 2652 3503; x_wconf 80' lang='lat' dir='ltr'><strong>differens,</strong></span> 
     </span>
     <span class='ocr_line' id='line_1_91' title="bbox 1589 3514 2651 3579; baseline 0.002 -16"><span class='ocrx_word' id='word_1_480' title='bbox 1589 3514 1728 3579; x_wconf 88' lang='lat' dir='ltr'><strong>quod</strong></span> <span class='ocrx_word' id='word_1_481' title='bbox 1765 3515 1852 3563; x_wconf 89' lang='lat' dir='ltr'><strong>ille</strong></span> <span class='ocrx_word' id='word_1_482' title='bbox 1888 3514 1992 3563; x_wconf 87' lang='lat' dir='ltr'><strong>diei</strong></span> <span class='ocrx_word' id='word_1_483' title='bbox 2032 3514 2157 3564; x_wconf 82' lang='lat' dir='ltr'><strong>bora</strong></span> <span class='ocrx_word' id='word_1_484' title='bbox 2196 3521 2364 3575; x_wconf 82' lang='lat' dir='ltr'><strong>sexta,</strong></span> <span class='ocrx_word' id='word_1_485' title='bbox 2402 3514 2491 3565; x_wconf 85' lang='lat' dir='ltr'><strong>bie</strong></span> <span class='ocrx_word' id='word_1_486' title='bbox 2525 3529 2651 3565; x_wconf 79' lang='lat' dir='ltr'><strong>vero</strong></span> 
     </span>
     <span class='ocr_line' id='line_1_92' title="bbox 1590 3589 2652 3641; baseline 0.002 -2"><span class='ocrx_word' id='word_1_487' title='bbox 1590 3597 1782 3640; x_wconf 87' lang='lat' dir='ltr'><strong>terram</strong></span> <span class='ocrx_word' id='word_1_488' title='bbox 1811 3597 1973 3639; x_wconf 89' lang='lat' dir='ltr'><strong>noctu</strong></span> <span class='ocrx_word' id='word_1_489' title='bbox 2009 3590 2227 3639; x_wconf 74' lang='lat' dir='ltr'><strong>movisse</strong></span> <span class='ocrx_word' id='word_1_490' title='bbox 2264 3589 2464 3640; x_wconf 86' lang='lat' dir='ltr'><strong>scribit.</strong></span> <span class='ocrx_word' id='word_1_491' title='bbox 2538 3591 2652 3641; x_wconf 80' lang='lat' dir='ltr'><strong>Ver-</strong></span> 
     </span>
     <span class='ocr_line' id='line_1_93' title="bbox 1587 3664 2653 3717; baseline 0.002 -3"><span class='ocrx_word' id='word_1_492' title='bbox 1587 3670 1714 3715; x_wconf 74' lang='lat' dir='ltr'><strong>trun.</strong></span> <span class='ocrx_word' id='word_1_493' title='bbox 1781 3665 1984 3716; x_wconf 85' lang='lat' dir='ltr'><strong>Plinius</strong></span> <span class='ocrx_word' id='word_1_494' title='bbox 2004 3679 2067 3714; x_wconf 86' lang='grc' dir='ltr'><strong>ιι.</strong></span> <span class='ocrx_word' id='word_1_495' title='bbox 2085 3669 2167 3714; x_wconf 77' lang='grc'><strong>84.</strong></span> <span class='ocrx_word' id='word_1_496' title='bbox 2234 3664 2490 3715; x_wconf 84' lang='lat' dir='ltr'><strong>Eusebius</strong></span> <span class='ocrx_word' id='word_1_497' title='bbox 2523 3679 2653 3717; x_wconf 77' lang='lat'><strong>1111.</strong></span> 
     </span>
     <span class='ocr_line' id='line_1_94' title="bbox 1588 3741 2653 3804; baseline 0.002 -13"><span class='ocrx_word' id='word_1_498' title='bbox 1588 3741 1748 3792; x_wconf 86' lang='lat' dir='ltr'><strong>fuisse</strong></span> <span class='ocrx_word' id='word_1_499' title='bbox 1770 3743 1862 3804; x_wconf 89' lang='lat' dir='ltr'><strong>ait,</strong></span> <span class='ocrx_word' id='word_1_500' title='bbox 1881 3749 1937 3791; x_wconf 88' lang='lat' dir='ltr'><strong>et</strong></span> <span class='ocrx_word' id='word_1_501' title='bbox 1974 3757 2064 3792; x_wconf 88' lang='lat' dir='ltr'><strong>eas</strong></span> <span class='ocrx_word' id='word_1_502' title='bbox 2094 3742 2342 3792; x_wconf 85' lang='lat' dir='ltr'><strong>nominat.</strong></span> <span class='ocrx_word' id='word_1_503' title='bbox 2406 3742 2653 3794; x_wconf 85' lang='lat' dir='ltr'><strong>Meminit</strong></span> 
     </span>
     <span class='ocr_line' id='line_1_95' title="bbox 1589 3817 2654 3870; baseline 0.001 -2"><span class='ocrx_word' id='word_1_504' title='bbox 1589 3827 1644 3868; x_wconf 86' lang='lat' dir='ltr'><strong>et</strong></span> <span class='ocrx_word' id='word_1_505' title='bbox 1665 3818 1855 3868; x_wconf 84' lang='lat' dir='ltr'><strong>Strabo</strong></span> <span class='ocrx_word' id='word_1_506' title='bbox 1876 3818 1942 3868; x_wconf 79' lang='lat' dir='ltr'><strong>ad</strong></span> <span class='ocrx_word' id='word_1_507' title='bbox 1963 3817 2115 3867; x_wconf 84' lang='lat' dir='ltr'><strong>finem</strong></span> <span class='ocrx_word' id='word_1_508' title='bbox 2158 3819 2194 3867; x_wconf 94' lang='lat' dir='ltr'><strong>l.</strong></span> <span class='ocrx_word' id='word_1_509' title='bbox 2217 3831 2320 3867; x_wconf 78' lang='grc' dir='ltr'><strong>ιιι.</strong></span> <span class='ocrx_word' id='word_1_510' title='bbox 2357 3824 2413 3868; x_wconf 91' lang='lat' dir='ltr'><strong>et</strong></span> <span class='ocrx_word' id='word_1_511' title='bbox 2448 3831 2573 3870; x_wconf 78' lang='lat' dir='ltr'><strong>nn.</strong></span> <span class='ocrx_word' id='word_1_512' title='bbox 2595 3826 2654 3869; x_wconf 85' lang='lat' dir='ltr'><strong>et</strong></span> 
     </span>
     <span class='ocr_line' id='line_1_96' title="bbox 1590 3894 2654 3946; baseline 0.002 -2"><span class='ocrx_word' id='word_1_513' title='bbox 1590 3896 1882 3946; x_wconf 87' lang='lat' dir='ltr'><strong>Suetonius.</strong></span> <span class='ocrx_word' id='word_1_514' title='bbox 1931 3895 2166 3945; x_wconf 69' lang='lat' dir='ltr'><strong>Muretus.</strong></span> <span class='ocrx_word' id='word_1_515' title='bbox 2230 3894 2354 3943; x_wconf 83' lang='lat' dir='ltr'><strong>Fuit</strong></span> <span class='ocrx_word' id='word_1_516' title='bbox 2375 3894 2501 3945; x_wconf 82' lang='lat' dir='ltr'><strong>Asia</strong></span> <span class='ocrx_word' id='word_1_517' title='bbox 2520 3910 2654 3946; x_wconf 87' lang='lat' dir='ltr'><strong>sem·</strong></span> 
     </span>
     <span class='ocr_line' id='line_1_97' title="bbox 1591 3971 2654 4037; baseline -0.001 -16"><span class='ocrx_word' id='word_1_518' title='bbox 1591 3986 1687 4037; x_wconf 90' lang='lat' dir='ltr'><strong>per</strong></span> <span class='ocrx_word' id='word_1_519' title='bbox 1738 3972 1820 4021; x_wconf 87' lang='lat' dir='ltr'><strong>his</strong></span> <span class='ocrx_word' id='word_1_520' title='bbox 1874 3971 2203 4036; x_wconf 83' lang='lat' dir='ltr'><strong>voraginibus</strong></span> <span class='ocrx_word' id='word_1_521' title='bbox 2251 3971 2495 4021; x_wconf 80' lang='lat' dir='ltr'><strong>obnoxia.</strong></span> <span class='ocrx_word' id='word_1_522' title='bbox 2582 3972 2654 4021; x_wconf 86' lang='lat' dir='ltr'><strong>Et</strong></span> 
     </span>
     <span class='ocr_line' id='line_1_98' title="bbox 1592 4047 2652 4112; baseline 0.001 -15"><span class='ocrx_word' id='word_1_523' title='bbox 1592 4047 1761 4111; x_wconf 84' lang='lat' dir='ltr'><strong>tangit</strong></span> <span class='ocrx_word' id='word_1_524' title='bbox 1798 4047 1851 4096; x_wconf 89' lang='lat' dir='ltr'><strong>in</strong></span> <span class='ocrx_word' id='word_1_525' title='bbox 1889 4047 2056 4097; x_wconf 84' lang='lat' dir='ltr'><strong>Pallio</strong></span> <span class='ocrx_word' id='word_1_526' title='bbox 2091 4048 2310 4097; x_wconf 82' lang='lat' dir='ltr'><strong>Tertull.</strong></span> <span class='ocrx_word' id='word_1_527' title='bbox 2360 4048 2377 4076; x_wconf 90' lang='lat'>‘</span> <span class='ocrx_word' id='word_1_528' title='bbox 2401 4047 2652 4112; x_wconf 83' lang='lat' dir='ltr'><strong>Utinam,’</strong></span> 
     </span>
     <span class='ocr_line' id='line_1_99' title="bbox 1588 4122 2654 4190; baseline 0.001 -17"><span class='ocrx_word' id='word_1_529' title='bbox 1588 4124 1776 4190; x_wconf 86' lang='lat' dir='ltr'><strong>inquit,</strong></span> <span class='ocrx_word' id='word_1_530' title='bbox 1818 4125 1909 4173; x_wconf 89' lang='lat' dir='ltr'><strong>‘et</strong></span> <span class='ocrx_word' id='word_1_531' title='bbox 1950 4122 2075 4173; x_wconf 77' lang='lat' dir='ltr'><strong>Asia</strong></span> <span class='ocrx_word' id='word_1_532' title='bbox 2109 4136 2294 4172; x_wconf 85' lang='lat' dir='ltr'><strong>secura</strong></span> <span class='ocrx_word' id='word_1_533' title='bbox 2325 4124 2440 4187; x_wconf 88' lang='lat' dir='ltr'><strong>jam</strong></span> <span class='ocrx_word' id='word_1_534' title='bbox 2476 4124 2548 4173; x_wconf 87' lang='lat' dir='ltr'><strong>sit</strong></span> <span class='ocrx_word' id='word_1_535' title='bbox 2586 4124 2654 4174; x_wconf 89' lang='lat' dir='ltr'><strong>de</strong></span> 
     </span>
     <span class='ocr_line' id='line_1_100' title="bbox 1589 4196 2653 4264; baseline -0.001 -15"><span class='ocrx_word' id='word_1_536' title='bbox 1589 4200 1686 4249; x_wconf 80' lang='lat' dir='ltr'><strong>soli</strong></span> <span class='ocrx_word' id='word_1_537' title='bbox 1725 4198 1989 4264; x_wconf 59' lang='lat' dir='ltr'><strong>ingluviess</strong></span> <span class='ocrx_word' id='word_1_538' title='bbox 2076 4196 2327 4263; x_wconf 74' lang='lat' dir='ltr'><strong>Agatliias</strong></span> <span class='ocrx_word' id='word_1_539' title='bbox 2369 4197 2521 4259; x_wconf 84' lang='lat' dir='ltr'><strong>male,</strong></span> <span class='ocrx_word' id='word_1_540' title='bbox 2564 4196 2653 4263; x_wconf 86' lang='lat' dir='ltr'><strong>qui</strong></span> 
     </span>
     <span class='ocr_line' id='line_1_101' title="bbox 1589 4274 2656 4340; baseline 0 -14"><span class='ocrx_word' id='word_1_541' title='bbox 1589 4277 1726 4328; x_wconf 82' lang='lat' dir='ltr'><strong>hunc</strong></span> <span class='ocrx_word' id='word_1_542' title='bbox 1760 4284 1936 4329; x_wconf 67' lang='lat' dir='ltr'><strong>terrm.</strong></span> <span class='ocrx_word' id='word_1_543' title='bbox 1951 4283 2149 4326; x_wconf 84' lang='lat' dir='ltr'><strong>motum</strong></span> <span class='ocrx_word' id='word_1_544' title='bbox 2190 4274 2506 4340; x_wconf 83' lang='lat' dir='ltr'><strong>temporibus</strong></span> <span class='ocrx_word' id='word_1_545' title='bbox 2546 4277 2656 4336; x_wconf 62' lang='lat' dir='ltr'><strong>,Au-</strong></span> 
     </span>
    </p>
   </div>
  </div>
 </body>
</html>
