3050 4867
477 374 654 444 3940

479 534 572 585 lim
592 534 669 584 sic
687 533 932 597 positum,
952 532 1103 582 deuiis
1119 533 1374 597 plerunque
1400 530 1544 579 itine-

480 611 616 659 ribus
656 609 896 670 mbigm
937 611 986 657 et
1037 608 1247 671 patriam
1289 606 1544 655 declinans.

482 686 585 736 Vel
617 685 686 734 sit
723 685 1035 747 transposita
1063 684 1245 745 copula
1279 681 1344 730 de
1373 682 1541 730 indus·

485 760 608 821 tria,
643 767 702 810 nt
737 759 860 809 alibi
894 773 1051 823 saepe.
1093 758 1379 807 Ver-cranius.
1436 756 1544 805 ‘Im-

484 836 674 887 merito
711 842 957 897 suspecta
999 843 1081 884 est
1127 834 1301 897 Lipsio
1347 831 1546 883 novitas

484 910 636 976 hujus
681 910 939 959 dictionis.
1023 910 1207 974 Neque
1269 910 1319 954 in
1361 906 1548 955 Tacito

485 987 855 1037 versatissimus
890 989 1126 1050 ignorare
1152 985 1397 1044 debebat,
1418 983 1471 1032 id
1495 983 1548 1032 in

486 1064 669 1117 Tacito
691 1065 825 1115 baud
848 1079 966 1115 esse
986 1079 1169 1113 novum
1192 1081 1204 1113 ε
1241 1079 1355 1113 enm
1388 1062 1553 1111 brevi·

486 1142 613 1193 tatis
646 1142 835 1206 ubique
871 1141 1168 1199 studiosum,
1201 1155 1265 1188 ne
1302 1139 1437 1188 idem
1462 1152 1553 1186 no·

488 1233 610 1269 men
654 1223 915 1281 repetere,
958 1214 1297 1280 periodosque
1341 1214 1553 1262 nimium

491 1292 799 1351 extendere,
843 1305 1059 1341 necesse
1096 1291 1306 1351 habeat,
1351 1289 1553 1338 duobus

491 1369 686 1432 verbis,
722 1384 836 1433 quoe
874 1382 1024 1416 casus
1061 1366 1186 1415 alias
1222 1365 1454 1414 diversos
1478 1379 1555 1412 re·

493 1445 779 1511 quirerent,
803 1449 892 1492 aut
925 1449 1177 1490 mutatam
1212 1440 1454 1503 phraseos
1477 1452 1554 1487 ra·

494 1521 707 1581 tionem,
724 1532 884 1573 unum
907 1524 1127 1575 tantum,
1149 1523 1206 1564 et
1244 1515 1328 1563 nni
1352 1518 1554 1564 tantum

494 1598 658 1647 verbo
698 1593 906 1660 proprie
945 1591 1338 1641 convenientem
1378 1604 1555 1638 casum

496 1672 578 1721 vel
598 1670 822 1736 phrasim
846 1667 1167 1732 permittere.
1210 1665 1284 1714 Ut
1306 1666 1401 1713 boc
1424 1664 1555 1713 loco.

488 1744 717 1810 Proprie
757 1744 994 1804 dicimus,
1048 1742 1287 1791 declinans
1323 1741 1560 1804 patriam.-

398 1854 406 1861 ·
494 1820 797 1886 improprie,
829 1819 1070 1881 ambigens
1096 1819 1322 1882 putrium.
1387 1817 1560 1866 Usita·

496 1896 600 1946 tius
616 1895 783 1945 foret:
815 1894 1052 1955 ambigere
1067 1896 1125 1943 de
1138 1895 1361 1943 intranda
1374 1893 1557 1956 patria.

496 1972 652 2024 Quod
672 1971 755 2020 bic
778 1970 890 2019 vult
924 1969 1152 2018 Tacitus.
1215 1967 1318 2018 Sed
1353 1967 1477 2031 qnia
1497 1981 1560 2016 ea

495 2045 744 2111 loquendi
787 2044 925 2094 ratio
965 2044 1305 2107 interciperet
1351 2040 1560 2091 affecta-

496 2128 605 2172 tam
626 2120 821 2184 ubique
832 2132 1198 2182 nervosamque
1214 2116 1524 2167 brevitatem
1541 2134 1556 2167 ε

496 2197 648 2248 unius
686 2210 860 2246 casum
900 2194 1085 2244 tribuit
1130 2194 1340 2258 utrique
1381 2194 1560 2256 verbo,

497 2273 588 2337 qui
632 2276 804 2320 tamen
841 2269 1050 2333 proprie
1080 2269 1356 2330 convenit?
1381 2271 1451 2333 γᾷ
1482 2272 1559 2319 de·

490 2348 697 2419 clinans.
762 2346 905 2396 Nihil
931 2345 1068 2408 apud
1088 2347 1221 2395 hunc
1237 2346 1559 2409 Scriptorem

497 2421 838 2488 frequentius.
893 2422 965 2472 Et
986 2421 1039 2469 in
1061 2421 1170 2486 ejus
1191 2422 1416 2476 lectione
1436 2435 1559 2471 con·

499 2498 647 2549 tinuo
673 2496 909 2561 baerebit,
944 2498 1035 2560 qni
1076 2496 1129 2545 id
1165 2511 1269 2548 non
1301 2498 1559 2549 observat.

501 2574 582 2622 Ex
596 2570 827 2635 infinitis,
846 2586 1004 2621 unum
1017 2571 1170 2621 modo
1186 2572 1284 2621 buc
1295 2569 1562 2622 conferam

502 2648 816 2711 exemplum.
881 2646 1068 2699 Annal.
1111 2660 1173 2697 11.
1227 2648 1243 2676 ‘
1270 2648 1563 2710 Enimvero,

501 2720 873 2786 [Rhescuporis
910 2729 1010 2785 est,
1054 2723 1122 2771 de
1155 2738 1256 2787 qno
1293 2722 1562 2787 loquitur,]

502 2798 683 2849 audita
698 2799 982 2848 mutaflone
1003 2799 1561 2863 principis,immittere

500 2876 760 2924 latronum
795 2873 993 2938 globos,
1015 2873 1314 2922 exscindere
1336 2875 1565 2938 castella,

503 2962 682 3000 causas
721 2948 893 3001 bello?
960 2948 1074 3011 Illo,
1107 2964 1270 2998 causas
1308 2948 1445 3012 bello,
1482 2965 1590 3000 re·‚

503 3032 697 3091 guntur
717 3039 750 3074 a
780 3028 849 3087 τῷ
876 3024 1146 3075 immittere.
1211 3024 1424 3075 Interim
1448 3040 1564 3088 pro-

504 3101 619 3165 prie
641 3100 866 3150 dixerisz
906 3100 1162 3150 isamittere
1200 3101 1430 3149 latronum
1463 3101 1565 3162 glo-

505 3177 607 3228 bos.-
642 3177 810 3227 minus
834 3176 1071 3241 proprie:
1124 3177 1381 3225 immittere
1400 3191 1567 3225 causus

506 3254 642 3303 bello.
712 3252 1058 3302 Nihilominus
1096 3258 1151 3303 et
1184 3251 1339 3300 ,causis
1369 3251 1479 3301 belli
1515 3257 1563 3301 et

505 3332 742 3380 latronum
772 3328 943 3401 giobis,
976 3326 1159 3376 tribuit
1190 3327 1397 3377 unicum
1436 3326 1562 3376 illud

502 3405 805 3456 vocabulum
868 3404 1139 3466 immittere,
1197 3417 1262 3452 ne
1326 3404 1563 3453 nimirum

503 3482 708 3544 longior
746 3480 829 3530 sit.
894 3480 1055 3530 Vides
1093 3494 1194 3529 nou
1231 3494 1343 3529 esse
1372 3480 1473 3537 ‚has
1508 3480 1564 3529 in

492 3556 681 3607 Tacito
703 3556 959 3606 novitates
979 3571 991 3603 ε
1012 3568 1177 3619 neque
1194 3556 1308 3606 illas
1324 3557 1564 3620 cuiquam

504 3636 724 3686 reddere
740 3635 931 3685 debere
951 3636 1183 3698 vulgatas
1196 3636 1440 3685 lectiones
1458 3650 1564 3684 sus·

504 3718 719 3775 pectas:
771 3711 863 3761 sed
901 3725 1024 3769 vero
1066 3725 1191 3760 esse.
1216 3711 1464 3772 genuinas
1485 3710 1562 3774 ip-

504 3801 691 3852 sasque
727 3786 1008 3849 elegantias
1044 3788 1360 3837 Corneliauae
1403 3787 1565 3837 brevi-

502 3862 644 3912 tatis.
679 3862 999 3912 Boxum-nm.
1520 3870 1525 3877 ⁸

572 3939 707 3989 Car.
742 3942 820 3987 16.
860 3938 957 3992 Qui
992 3939 1213 4000 pecunias
1230 3934 1426 4001 fenore]
1484 3938 1562 3988 Ex

490 4012 682 4066 ‘fenore
715 4013 950 4078 plurimae
991 4023 1046 4062 et
1085 4014 1395 4075 gravissimae
1431 4015 1565 4064 sedi-

505 4089 674 4150 tiones
694 4088 884 4157 exoriri
909 4089 1103 4138 solent:
1148 4102 1263 4139 nam
1288 4090 1374 4153 qni
1396 4088 1564 4139 fenori

507 4165 781 4229 pecuniam
817 4164 1100 4229 accipiunt,
1120 4165 1393 4215 dulcedine
1432 4179 1563 4229 prae·

506 4243 669 4293 sentis
710 4242 951 4307 pecuniae
1004 4242 1189 4304 illecti,
1230 4257 1397 4307 neque
1440 4241 1563 4308 quid

466 4322 694 4385 'vostea
723 4316 953 4370 futurum
975 4319 1045 4371 sit
1065 4319 1375 4386 cogitantes,
1396 4316 1564 4371 indut-

1172 388 1391 439 Nom!
1438 385 1842 437 vAmottuu
1891 382 1970 433 m

1618 534 1740 593 gent
1766 526 2136 590 cupiditatibus
2158 522 2293 575 suist
2343 536 2512 589 neque
2530 518 2675 587 prius

1619 605 1686 654 de
1708 604 2004 653 calamitate
2026 617 2118 651 sua
2138 601 2392 663 cogitant,
2412 613 2563 664 quam
2587 611 2677 662 ex?

1619 680 1695 729 uti
1734 679 2058 742 patritnoni0‚
2091 685 2146 726 et
2182 679 2417 725 omnibns
2457 672 2678 723 fortunis

1619 756 1804 811 eversi,
1831 768 1986 802 novas
2011 769 2113 814 res,
2149 754 2192 801 si
2229 760 2455 815 possunt,
2492 749 2682 817 moliri,

1619 837 1675 879 et
1714 830 1777 880 de
1822 830 2070 879 vertenda
2128 844 2329 893 quoquo
2374 828 2523 878 modo
2569 841 2684 891 rep.

1622 906 1828 955 consilia
1854 919 2047 969 capere
2072 911 2334 965 cogantur.
2393 905 2687 965 Propterea

1624 981 2005 1039 diligentissime
2025 980 2310 1029 cavendum
2339 987 2438 1039 est,
2458 993 2522 1028 ue
2542 992 2682 1028 cres·

1625 1064 1709 1104 cat
1730 1071 1800 1105 aes
1824 1057 2042 1105 alienum
2062 1056 2112 1104 in
2129 1056 2358 1105 civitate.
2407 1054 2564 1105 Plato
2585 1053 2679 1105 tib.

1627 1145 1748 1182 vm.
1774 1133 1839 1181 de
1863 1133 2079 1194 legibus,
2102 1145 2201 1179 non
2218 1136 2411 1193 censet,
2430 1129 2560 1180 &cst

1689 1204 2251 1271 ‘Tabulae'implentun
2282 1206 2467 1270 Itaque
2481 1205 2681 1267 Persae,

1627 1289 1684 1332 ut
1704 1291 1789 1331 est
1809 1283 1946 1346 apud
1972 1282 2228 1331 Herodet.
2251 1283 2472 1332 omnium
2496 1297 2683 1346 pecca-

1627 1366 1800 1407 torum
1842 1358 2194 1420 gravissimum
2251 1372 2362 1407 esse
2403 1358 2688 1422 ducebant,

1624 1434 1903 1498 quidquam
1925 1437 2163 1498 cuiqnam
2185 1432 2394 1483 debere.
2436 1434 2507 1482 Et
2529 1433 2685 1484 Plato

1626 1509 1663 1557 l.
1680 1521 1759 1558 ιι.
1773 1509 1840 1557 de
1854 1508 1980 1573 λιες.
1999 1508 2254 1571 prohibet,
2265 1522 2332 1556 ne
2345 1508 2468 1573 qnid
2483 1514 2686 1558 ematur

1632 1583 1682 1631 in
1706 1583 1876 1633 diem:
1927 1583 2021 1632 sed
2057 1583 2230 1632 omnia
2264 1585 2505 1648 praesenti
2529 1597 2688 1648 pecu-

1626 1659 1741 1708 nia:
1779 1666 1869 1708 aut
1891 1660 2085 1727 neulla
2104 1660 2172 1709 sit
2193 1660 2328 1709 actio
2362 1659 2424 1710 ad
2451 1660 2685 1724 precium

1627 1733 1926 1798 petendum.
1989 1734 2227 1800 Itemque
2267 1736 2460 1796 sanxit,
2495 1734 2539 1784 si
2571 1735 2686 1798 quis

1629 1812 1901 1876 pecuniam
1940 1820 2167 1861 mutuam
2206 1811 2427 1873 dederit,
2459 1826 2526 1861 ne
2569 1825 2685 1860 eam

1629 1888 1695 1937 ab
1737 1887 1902 1938 invito
1939 1888 2149 1952 exigere
2187 1888 2366 1951 possit.
2429 1886 2531 1942 Sed
2563 1892 2620 1936 et
2654 1876 2688 1936 'a

1632 1964 1902 2021 Cltaronda
1941 1965 2250 2027 institutum,
2269 1970 2326 2013 et
2363 1961 2500 2026 apud
2539 1976 2685 2027 quos-

1632 2041 1750 2107 dam
1774 2042 2017 2091 Indorum
2041 2041 2254 2105 populos
2286 2039 2405 2087 olim
2428 2035 2686 2088 observari

1629 2117 1835 2167 solitum
1869 2117 2085 2180 legimus
2107 2113 2244 2178 apud
2277 2113 2532 2162 Stobaeum
2555 2110 2688 2174 λόγῳ

1630 2210 1683 2251 μ.
1744 2193 1846 2242 Sed
1879 2200 1934 2241 et
1969 2192 2079 2254 lege
2117 2186 2432 2240 xnsTabut.
2470 2189 2687 2241 obaerati

1630 2269 1955 2319 habebantur
1973 2270 2028 2318 in
2067 2283 2224 2318 nervo
2248 2276 2304 2317 et
2333 2256 2688 2332 compedibus,

1630 2344 2029 2395 vendebanture
2078 2345 2120 2394 si
2161 2346 2329 2409 plures
2351 2344 2501 2393 unius
2524 2343 2693 2392 credi·

1631 2425 1772 2468 tures
1794 2426 1961 2483 erant,
2000 2420 2087 2485 qui
2121 2419 2364 2469 solvendo
2397 2433 2498 2468 non
2534 2424 2691 2479 esset,

1632 2495 1825 2545 licebat
1843 2495 1919 2545 eis
1956 2506 2142 2559 corpus
2176 2496 2289 2558 ejus
2326 2493 2602 2559 dissecare,
2631 2499 2690 2542 et

1633 2571 1770 2621 inter
1791 2585 1846 2619 se
1870 2570 2071 2634 partiri.
2137 2571 2269 2623 Quoe
2295 2576 2400 2619 tam
2420 2568 2694 2634 horrenda,

1633 2652 1842 2712 tamque
1867 2648 2066 2696 atrocia
2105 2648 2216 2709 lege
2254 2646 2552 2695 nominatim
2577 2662 2692 2711 per·

1633 2725 1784 2773 missa
1816 2730 1984 2787 erant,
2016 2730 2075 2772 ut
2111 2712 2437 2771 deterrerent
2468 2723 2692 2774 homines

1636 2800 1701 2851 ab
1724 2815 1828 2850 aere
1851 2800 2019 2850 alieno
2040 2797 2405 2849 contrahendo.
2468 2799 2570 2849 Sed
2612 2806 2690 2869 ta·

1635 2891 1751 2925 men
1775 2875 1828 2924 in
1844 2875 2100 2925 credenda
2137 2877 2358 2939 pecunia
2389 2873 2580 2940 aliquid
2603 2876 2694 2926 hu-

1635 2949 1900 2999 manitatis
1923 2957 2019 3013 est,
2040 2941 2094 3000 e't
2115 2960 2300 2999 natura
2321 2951 2432 3014 ipsa
2464 2965 2558 3001 nos
2583 2966 2692 3001 mo·

1637 3034 1748 3086 net,
1769 3033 1828 3074 nt
1851 3039 1966 3075 cnm
1992 3025 2168 3074 amicis
2203 3025 2491 3088 egentibus,
2515 3040 2693 3090 quem-

1636 3101 1909 3150 admodum
1928 3101 2136 3149 aliarum
2157 3114 2344 3163 rernm,
2360 3100 2435 3150 sic
2456 3100 2692 3163 pecuniae

1638 3190 1838 3241 quoque
1862 3184 2142 3225 nnmeratae
2176 3188 2318 3225 usum
2339 3170 2697 3229 ‘communice-

1636 3268 1777 3303 mus:
1830 3251 1987 3317 idque
2022 3256 2177 3302 etiam
2200 3253 2347 3301 Dens
2381 3253 2494 3316 ipse
2517 3250 2692 3302 facere

1635 3344 1728 3379 nos
1760 3328 1936 3395 jubet.
2018 3328 2122 3378 Sed
2163 3327 2408 3378 adversim
2451 3335 2691 3379 naturam

1637 3412 1720 3456 est
1765 3420 1997 3470 poscere,
2039 3413 2100 3454 ut
2140 3418 2375 3454 nummus
2433 3419 2692 3456 nummum

1637 3482 1817 3546 gignat
1839 3498 1853 3542 3
1898 3495 2123 3544 vereque
2146 3479 2364 3530 affiumat
2387 3482 2694 3536 Aristoteles

1637 3571 1679 3607 1.
1730 3558 1941 3608 Politic.
1982 3556 2131 3606 fenus
2175 3563 2371 3607 naturae
2413 3559 2694 3615 adversari.

1639 3634 1692 3683 Is
1715 3635 1850 3683 enim
1874 3633 1963 3698 qul
1980 3632 2129 3695 alteri
2153 3631 2376 3693 fenerat,
2409 3637 2582 3699 specie
2610 3636 2696 3688 be·

1633 3709 1830 3771 neficii,
1872 3725 1989 3760 enm
2031 3711 2111 3759 cui
2152 3712 2429 3771 gratificari
2469 3712 2699 3777 videtur,

1636 3788 1840 3836 evertit.
1908 3789 2090 3854 ltaque
2112 3790 2372 3853 eleganter
2394 3788 2448 3838 S.
2473 3787 2696 3839 Ambro-

1636 3863 1740 3913 sius
1779 3862 1873 3926 ait,
1894 3877 1996 3913 non
2020 3865 2232 3912 multum
2270 3864 2519 3913 interesse
2553 3863 2698 3914 iuter

1636 3939 1795 3989 Fmae
1813 3950 1867 3988 et
1891 3940 2083 3990 Funus.-
2118 3939 2250 3988 inter
2274 3940 2459 3990 Sortem
2481 3946 2534 3988 et
2558 3940 2696 3989 Mor·

1633 4018 1746 4063 tem.
1834 4014 2064 4078 Cumque
2118 4023 2307 4064 sortem
2367 4013 2693 4065 feneratores

1641 4091 1794 4151 Caput
1817 4105 1997 4138 vocare
2019 4090 2237 4151 soleant,
2262 4105 2351 4141 eos
2375 4092 2463 4157 qui
2485 4091 2693 4143 illorum

1639 4162 1833 4215 retibus
1852 4167 2067 4213 involuti
2087 4174 2348 4230 tenentur,
2366 4182 2480 4216 esse
2503 4164 2692 4231 capitis

1637 4256 1770 4292 reos.
1822 4242 1952 4291 Haec
1979 4242 2135 4306 igitur
2153 4241 2219 4292 de
2242 4244 2441 4294 Fenore
2457 4239 2691 4295 moduni:

1637 4316 1704 4369 de
1725 4331 1826 4386 quo
1845 4317 2096 4370 videndus
2128 4327 2212 4371 est
2246 4318 2333 4373 lib.
2395 4318 2450 4372 S.
2476 4318 2697 4374 Ambro-
