3050 4867
575 334 749 403 w
1252 351 1639 403 nncnusus
1687 350 2116 402 murionum

658 502 1030 582 pletissimus.
1072 501 1485 591 Francofsap.
1528 501 1621 563 01.
1666 501 1957 561 Mai-nium
1999 508 2060 561 et
2099 499 2334 561 heredes
2380 503 2482 562 Jo.
2547 502 2796 561 Aubrii.

664 597 859 668 1607!
895 599 1107 677 Capita
1133 618 1205 657 ex
1244 597 1484 657 Gruteri
1512 596 1610 656 ed.
1651 596 1931 674 ascripta.

667 696 922 837 16131801αὲ
942 695 1033 755 hae
1060 693 1352 755 auctiores
1378 693 1616 754 seorsim
1644 691 1915 771 prodiere
1935 691 2167 750 Hanov.
2197 690 2352 771 typis
2381 690 2660 750 wechel.
2692 711 2793 751 an.

586 873 738 945 1609
781 872 976 933 Aurei.
1020 870 1325 948 Allobrog.
1369 877 1426 930 8.
1470 868 1827 928 Picheniana
1867 886 2088 928 recusa.

578 969 803 1029 —ibid.
846 967 952 1028 fol.
992 967 1234 1027 Tacitus
1259 965 1478 1046 prodiit
1503 964 1654 1023 inter
1684 962 1939 1026 mstoriae
1968 963 2250 1021 Romanae
2278 960 2603 1038 scriptores
2627 961 2791 1020 Lati-

660 1085 765 1124 nos
794 1073 937 1125 vett.
979 1084 1202 1135 omnes,
1235 1082 1341 1142 per
1368 1063 1607 1122 Petrum
1638 1060 1712 1121 de
1740 1059 1796 1118 la
1824 1058 2091 1119 Roviere.
2119 1072 2203 1115 11.
2243 1057 2384 1116 voli.

587 1160 741 1223 1614
782 1160 1168 1232 Francofurti,
1207 1169 1298 1222 12.
1340 1158 1700 1219 Picheniana
1726 1155 1997 1234 repetita.

585 1257 738 1321 1622
781 1256 1002 1318 Eadem
1036 1256 1388 1334 Mussiponti
1417 1255 1473 1315 in
1505 1254 1697 1313 vicina
1725 1254 1892 1312 nobis
1924 1249 2297 1328 Lotharinga,
2328 1259 2386 1311 8.

741 1352 811 1412 ld
836 1353 1112 1431 temporis
1156 1352 1408 1412 Tacitus
1452 1350 1822 1413 Francofurti
1848 1347 2062 1428 prodiit
2091 1356 2181 1407 ter
2208 1347 2452 1409 Latinus
2482 1369 2624 1410 cum
2655 1370 2782 1411 ver·

663 1449 961 1509 sionibus:

586 1542 739 1607 1612
780 1544 983 1605 Taciti
1005 1546 1226 1624 Opera,
1252 1545 1476 1615 Latine,
1505 1566 1643 1606 cum
1672 1543 1936 1604 versione
1967 1544 2096 1605 Ital.
2138 1545 2378 1624 Georgii
2403 1546 2565 1619 nati,
2595 1547 2781 1607 Fran-

661 1640 779 1701 cos.
822 1641 980 1719 typis
1010 1642 1087 1701 N.
1135 1640 1473 1710 Hofmanni,
1524 1641 1813 1700 sumtibus
1852 1641 1992 1700 Jon.
2035 1640 2272 1699 Rhodii.
2321 1641 2498 1704 1612.
2529 1649 2588 1702 8.
2631 1644 2776 1720 maj.

578 1736 885 1798 -Eadem
913 1738 1116 1797 Latine
1161 1757 1293 1797 cum
1329 1756 1476 1797 vers.
1519 1735 1680 1796 Gan.
1723 1735 2010 1815 Stephani
2056 1735 2132 1795 de
2177 1736 2236 1795 la
2276 1737 2537 1797 Planche
2579 1746 2647 1798 et
2681 1739 2778 1799 01.

663 1834 944 1894 Fauchet.
988 1833 1135 1894 ibid.
1181 1833 1318 1893 eod.
1362 1842 1418 1895 8.

579 1928 886 1989 —Eadem
942 1930 1148 1990 Latine
1203 1949 1341 1990 cum
1392 1948 1541 1990 vers.
1582 1930 1967 1990 Germ.‘Jac.
2009 1927 2258 2006 Micylli.
2301 1927 2450 1988 ibid.
2488 1929 2624 1989 eod.
2670 1929 2776 1989 sot.

755 2025 1087 2085 Auctoritas
1108 2024 1361 2102 Lipsiani
1391 2023 1638 2083 nominis
1666 2024 1908 2084 maxime
1930 2023 2234 2102 praevaluit
2258 2023 2317 2082 in
2357 2026 2779 2103 sequentibus:

587 2123 739 2185 1612
782 2121 1042 2182 Parisino,
1072 2119 1320 2189 Metelli,
1355 2129 1449 2181 12.

590 2219 744 2282 1614
786 2218 999 2280 Colon.
1043 2217 1271 2276 Allobr.
1322 2222 1418 2275 12.
1460 2222 1478 2250 ‘
1510 2215 1583 2274 C.
1628 2215 1804 2274 Corn.
1845 2215 2041 2275 Taciti
2070 2216 2284 2297 Opera,
2338 2241 2473 2299 quae
2518 2228 2778 2291 exstant,

660 2318 777 2374 &c.
819 2312 1218 2390 Gnomologia
1246 2321 1305 2371 et
1331 2310 1621 2371 distinctis
1649 2311 1942 2372 breviariis
1982 2325 2177 2375 aucta.
2221 2317 2430 2378 Colon.
2470 2316 2779 2394 Allobrog.

660 2409 949 2471 sumtibus
979 2410 1134 2469 Sam.
1179 2408 1468 2488 Crispini!
1510 2409 1578 2467 In
1608 2406 1724 2467 fine
1752 2407 2059 2469 voluminis
2084 2411 2316 2473 additas
2364 2413 2545 2475 babet
2583 2411 2780 2471 varias

662 2507 969 2575 lectiones,
989 2524 1059 2563 ex
1083 2503 1261 2582 Lipsii
1288 2507 1442 2563 notis
1469 2513 1793 2582 excerptas.

587 2600 742 2675 1619
784 2599 1057 2678 Lugduni
1102 2600 1235 2659 Bat.
1280 2608 1338 2661 8.
1384 2598 1570 2676 Lipsii
1615 2615 1718 2658 xt.
1781 2600 1852 2659 C.
1910 2600 2092 2658 Corn.
2156 2603 2354 2663 Taciti
2408 2604 2644 2681 Opera:
2715 2603 2774 2663 J.

663 2695 892 2774 Lipsius
921 2696 1203 2756 recensuit
1228 2706 1290 2755 et
1317 2695 1764 2756 commentarios
1793 2696 2033 2773 adjecit.
2076 2699 2266 2759 Catal.
2296 2700 2442 2759 bibl.
2471 2698 2776 2778 Ludewig.

508 2787 513 2791 ⁴
590 2790 734 2855 1621
784 2790 931 2850 ibid.
980 2800 1074 2852 12.
1116 2791 1337 2851 Eadem
1367 2811 1465 2870 ap.
1511 2792 1754 2852 Elzevir.
1797 2793 2026 2872 Cuique
2053 2795 2206 2854 libro
2244 2796 2570 2871 subjuncta
2612 2793 2782 2853 lecti-

662 2908 842 2948 onum
872 2888 1084 2949 selecta
1110 2888 1376 2948 varietas.
1460 2887 1836 2948 Proemittitur
1889 2889 2157 2949 ultimum
2211 2890 2395 2969 Lipsii
2436 2888 2514 2949 de
2555 2889 2778 2949 Tacito

652 2982 966 3061 judicium.

588 3079 740 3141 1622
782 3078 1040 3150 Parisiis,
1072 3077 1178 3138 sol.
1227 3087 1246 3113 ‘
1275 3080 1460 3138 Nova
1483 3077 1937 3157 cogitationesiu
1960 3078 2137 3140 libros
2162 3081 2467 3141 Annalium
2488 3081 2561 3139 C.
2592 3078 2775 3139 Corn.

660 3173 878 3246 Taciti,
908 3174 1007 3253 qui
1033 3184 1284 3236 exstant.
1328 3179 1585 3235 Auctore
1614 3173 1912 3234 Ludovico
1942 3176 2248 3236 Dorleans.
2289 3175 2520 3246 Quibus
2569 3173 2780 3236 addita

663 3281 802 3331 sunt
826 3271 1054 3350 reliqua
1081 3270 1346 3349 ejusdem
1375 3270 1573 3330 Taciti
1598 3289 1792 3347 opera.
1834 3271 1985 3329 Cum
2012 3271 2316 3332 indicibus
2337 3270 2776 3352 copiosissimis.

664 3366 915 3438 Parisiis,
946 3376 1120 3426 sumt.
1164 3385 1236 3426 ac
1263 3367 1509 3445 impenS.
1551 3364 1712 3424 Tho.
1741 3365 1953 3424 Blasii:

611 3465 1035 3543 -Rothomagi,
1071 3474 1128 3528 8.
1172 3466 1242 3527 0.
1285 3465 1466 3526 Corn.
1505 3462 1698 3524 Taciti
1715 3464 1931 3541 Opera.
1978 3464 2167 3525 Catal.
2208 3466 2356 3527 bibl.
2398 3467 2460 3526 S.
2490 3467 2538 3526 t.
2580 3466 2774 3527 Mont.

664 3579 800 3639 pag.
847 3569 984 3620 204.

590 3653 742 3717 1623
785 3654 1037 3725 Parisiis,
1071 3662 1169 3715 24.
1215 3654 1407 3714 Caesii.

583 3750 861 3812 —AureL
904 3750 1206 3830 Allobrog.
1251 3751 1352 3812 sol.
1398 3751 1550 3810 inter
1578 3750 1837 3811 historie
1864 3754 2145 3813 Romanae
2165 3754 2485 3834 scriptores
2504 3755 2772 3827 Latinos,

662 3845 943 3926 repetitos
963 3865 1034 3905 ex
1062 3847 1158 3908 ed.
1205 3848 1379 3920 1609.
1420 3868 1519 3926 ap.
1562 3847 1795 3908 Roverii
1822 3847 2057 3908 viduam
2084 3858 2146 3909 et
2169 3849 2448 3911 baeredes.

596 3944 743 4014 1627
787 3943 1147 4022 Antverpiae,
1197 3943 1301 4003 fol.
1348 3945 1531 4023 Lipsii
1561 3961 1690 4004 ΧΠ.
1745 3964 1880 4004 cum
1930 3946 2162 4005 Comm.
2226 3947 2513 4024 ejusdem.
2577 3946 2772 4007 catal.

667 4040 813 4100 bibi.
857 4039 1131 4099 Francof.

591 4134 746 4198 1634
827 4135 1099 4212 Lugduni
1155 4137 1285 4196 Bat.
1333 4135 1429 4199 16.
1474 4138 1596 4198 ‘C.
1636 4138 1936 4198 Cornelius
1986 4137 2236 4199 Tacitus
2287 4158 2363 4199 ex
2413 4136 2565 4200 Justi
2593 4135 2777 4217 Lipsii

669 4230 946 4291 editione.
992 4230 1182 4310 Lugd.
1223 4234 1294 4294 B.
1331 4254 1407 4293 ex
1433 4232 1593 4297 offic.
1633 4233 2032 4295 Elzeviriana.'
