3050 4867
864 406 1011 455 Lm.
1058 404 1224 455 xIV.
1269 404 1431 454 cAt’.

408 548 479 598 Bt
492 562 545 598 so
558 549 831 598 deseennut
841 548 1112 611 eredebant]
1144 548 1206 597 Iu
1226 546 1407 598 codice

340 625 479 687 regis
493 623 704 674 Corvini
723 632 939 687 apparet
959 624 1118 675 fuisse
1136 624 1409 689 scriptum,

339 711 408 770 tus
437 712 490 747 eo
508 697 779 747 demensum
814 698 1078 749 eredebant.
1145 702 1406 764 Legerim,

331 774 438 834 ,ian
462 790 514 824 so
530 777 798 832 descensum
818 777 942 824 cred.
980 776 1269 826 Rhenanus.
1326 778 1408 825 Ex

346 850 484 899 Flor.
506 850 716 900 ,restitui
740 851 1068 913 particulam,
1090 866 1170 901 uu.
1214 852 1409 916 Vulgo,

347 929 395 973 et
414 939 468 973 eo
487 926 775 986 dmeususfl.
807 924 1052 976 Pichens.

410 1001 482 1063 Ac
522 1002 568 1050 si
602 1000 880 1064 scitur-etur]
926 1002 1201 1053 Blanditur
1243 1004 1409 1067 prima

347 1073 515 1126 flente
536 1078 650 1126 haec
689 1079 864 1140 lectio,
901 1078 993 1127 sed
1031 1085 1177 1129 certe
1199 1080 1244 1129 si
1267 1081 1411 1143 peni-

348 1153 449 1202 tius
483 1153 835 1218 introspicias,
871 1149 1077 1205 s'ensum
1115 1170 1217 1205 non
1249 1155 1410 1206 habet

350 1230 688 1288 commodum.
769 1231 899 1280 Vult
941 1232 1075 1281 enirn
1120 1233 1407 1295 respexisse

351 1310 547 1354 tantum
559 1304 813 1354 Burrhum
827 1307 971 1370 quasi
996 1308 1431 1370 interrogaturus,

351 1387 504 1445 esset,
536 1396 603 1430 an
642 1381 792 1431 militi
827 1383 996 1431 caedes
1033 1383 1407 1446 imperaretur:

351 1457 539 1505 nullam
561 1466 735 1506 autem
760 1472 938 1508 vocem
963 1457 1215 1507 edidisse:
1270 1459 1408 1523 quod

349 1530 471 1579 mihi
509 1545 609 1581 uon
655 1532 862 1583 videtur
900 1533 1209 1594 verisimile;
1256 1533 1409 1582 modo

350 1606 483 1654 euim
502 1607 711 1670 longum
734 1608 1001 1674 utriusque
1017 1608 1274 1659 silentium
1291 1623 1411 1659 cum

348 1686 596 1742 notasset,
619 1681 846 1746 subjicit.
916 1685 1039 1733 Post
1062 1682 1237 1734 &neca
1255 1684 1412 1733 hacte-

350 1767 435 1804 nas
453 1758 747 1821 promptior.-
790 1765 847 1808 at
867 1759 1121 1823 quomodo
1137 1760 1414 1822 promptior,

352 1831 393 1879 si
416 1832 589 1896 pergit
609 1833 797 1881 silere?
848 1833 1051 1883 Deinde
1074 1847 1177 1882 uon
1198 1842 1280 1884 est
1301 1847 1413 1884 cre·

351 1904 511 1955 dibile
535 1908 789 1956 Burrbum
813 1915 905 1958 aut
936 1910 1111 1959 statim
1135 1925 1199 1959 ex
1225 1909 1413 1959 obtutu

350 1979 487 2032 illius
509 1983 849 2044 intellexisse,
889 1984 1012 2048 quid
1042 1986 1219 2047 vellet,
1257 1992 1347 2034 aut
1370 1985 1413 2034 si

352 2059 571 2108 maxime
624 2060 978 2124 intellexisset,
1043 2075 1412 2124 responsurum

354 2132 533 2196 fuisse,
562 2137 820 2186 hominem
859 2138 1181 2199 negotiorum
1206 2144 1261 2186 et
1281 2137 1412 2185 aula

354 2210 741 2273 peritissimum,
781 2225 898 2260 cum
921 2211 1086 2260 adhuc
1111 2212 1291 2261 liceret
1314 2210 1415 2260 dis·

355 2283 616 2348 simulare,
652 2286 940 2348 praesertim
968 2277 1091 2336 'eum
1128 2287 1244 2336 talis
1275 2291 1416 2335 esset

353 2359 704 2422 interrogatio,
736 2371 796 2410 ut
818 2361 902 2410 vel
921 2376 1116 2411 summa
1150 2376 1266 2410 cum
1288 2362 1417 2411 inri-

356 2433 441 2484 dia
487 2450 786 2500 summoque
829 2437 1027 2487 scelere
1070 2436 1415 2488 affirmaturus

356 2512 649 2574 videretur:
685 2513 768 2561 vel
800 2527 996 2563 summo
1031 2529 1147 2563 cum
1184 2515 1415 2578 periculo

358 2597 648 2652 negaturus.
725 2590 862 2652 Ergo
900 2589 1171 2653 subjuncta
1208 2603 1413 2653 qnoque

357 2677 418 2713 ea
439 2679 538 2714 vox
561 2671 662 2727 est,
680 2667 916 2727 respondit
932 2681 952 2722 ,·
983 2679 1168 2728 nempe
1199 2665 1415 2714 interro·

359 2747 527 2804 flatus,
562 2749 884 2806 quapropter
921 2742 1250 2792 scribendum
1285 2740 1419 2789 arbi-

359 2823 499 2867 tror:
532 2818 764 2882 respicere
786 2819 1050 2878 Bam-hum,
1083 2833 1139 2867 uc
1167 2818 1417 2867 sciscitmi.

361 2893 534 2944 Facile
577 2895 752 2959 potuit
792 2894 948 2944 scribi
991 2894 1221 2955 siscitari,
1265 2907 1419 2956 quam

358 2983 538 3020 vocem
555 2986 672 3021 cum
698 2984 793 3034 pro
811 2970 1013 3020 duabus
1030 2969 1244 3020 haberet
1263 2969 1420 3018 auda·

361 3047 504 3097 culus
560 3048 879 3110 emendator,
949 3047 1151 3110 putavit
1204 3054 1421 3109 propter

362 3123 515 3173 istam
558 3124 862 3187 particulam
902 3123 946 3172 si
1000 3134 1221 3187 sequens
1266 3122 1421 3171 etiam

362 3203 574 3255 verbum
592 3202 972 3253 reformandum
989 3217 1129 3251 esse:
1166 3200 1421 3265 quomodo

364 3277 418 3328 in
437 3285 562 3329 nota
584 3277 649 3327 sd
674 3291 786 3327 xiv.
810 3282 858 3328 4.
896 3276 1214 3327 ostendimus
1239 3289 1423 3325 vocem

364 3353 681 3417 Agrippinam
698 3352 853 3402 fuisse
872 3359 1190 3415 corruptam,
1206 3359 1426 3415 propter

362 3443 540 3481 vocem
570 3429 853 3480 Venientem.
902 3428 1294 3477 Freinshemius.

428 3507 511 3558 Aa
526 3508 663 3556 illesus
681 3504 859 3568 mem]
890 3505 1030 3554 Flor.
1048 3505 1112 3553 od
1130 3519 1235 3553 sum
1256 3519 1424 3554 mesu.

364 3582 612 3634 Picheua.

429 3660 545 3708 111oe
565 3656 761 3708 invidia
779 3656 887 3706 duri
908 3653 1179 3718 imperium]
1210 3654 1295 3704 Sic
1315 3669 1425 3704 eas·

365 3734 558 3799 tigatot
574 3734 829 3799 quispiam
846 3732 1228 3794 semiliteratus‚
1240 3732 1321 3781 illo
1333 3732 1427 3780 sivi

365 3812 463 3876 die,
514 3811 652 3876 quod
706 3810 875 3860 scriba
926 3810 1191 3872 Hispanus
1240 3810 1427 3873 opinor

368 3886 664 3952 scripserat,
745 3884 1120 3936 restituendum
1204 3887 1429 3949 putavit,

369 3979 525 4029 quum
558 3965 653 4013 sivi
687 3964 741 4012 in
776 3963 868 4012 sibi
912 3961 1213 4013 mutandum
1250 3961 1427 4012 fuerit.

369 4042 645 4092 Rhenanus.

433 4119 573 4169 CAP.
592 4121 642 4166 8.
699 4116 903 4164 Diuersa
944 4113 1238 4176 rogantium]
1293 4112 1429 4162 Scri-

368 4194 629 4247 bendum:
695 4191 1025 4255 rogitantium.
1072 4235 1097 4258 ,
1138 4191 1430 4239 Rhenanus.

367 4271 625 4323 Danesius
644 4284 711 4321 ex
728 4284 777 4322 v.
796 4283 844 4319 c.
862 4268 1087 4333 legebat,
1101 4265 1432 4330 rogitantium.

2377 385 2550 452 4⁰51

1482 546 1720 596 Ursinus.
1751 546 2233 610 Flormogituusium.
2267 544 2518 596 Piehena.

1548 622 1712 672 Aliam
1723 621 1833 682 fere
1852 623 1990 674 litore
2013 623 2193 683 sociem
2215 637 2353 686 nuuc,
2387 622 2552 670 solitu·

1482 700 1640 748 diacus
1677 715 1735 747 ue
1771 701 2038 763 repentinos
2069 700 2320 763 strepitus]
2370 699 2513 762 Iaego
2535 715 2547 746 ε

1483 774 1646 824 Aliam
1669 774 1781 832 sere
1819 775 1960 826 litore
1984 776 2198 836 faciem.-
2231 790 2352 824 mc
2381 775 2549 824 solitu-

1482 849 1638 897 diuem
1660 855 1706 898 et
1727 851 1968 912 repentino
1983 852 2228 914 strepitus.
2263 848 2548 900 Acidalius.

1485 925 1619 977 Quae
1637 925 1758 974 olim
1778 925 2022 986 divinavi,
2040 940 2175 975 nunc
2198 939 2405 988 prorsus
2427 937 2551 987 neg·

1484 1000 1609 1063 ligo,
1633 1005 1838 1050 tantum
1856 1015 2053 1065 moneo,
2074 1001 2126 1050 in
2147 1002 2280 1050 Flor.
2298 1008 2546 1063 corrupte

1482 1078 1586 1141 legi
1602 1094 1616 1126 ι
1640 1076 1901 1137 aliumfore
1911 1079 2107 1126 lateret:
2133 1076 2550 1126 emendationem

1485 1154 1800 1205 acutioribus
1818 1154 2068 1218 relinquo.
2107 1152 2336 1201 Piclteuu.

1502 1265 1507 1270 -
1548 1231 1664 1279 Jam
1686 1230 1738 1278 iu
1760 1234 1957 1278 mortem
1976 1227 2434 1287 mturiouifsrrum
2455 1227 2554 1276 dis-

1475 390 1550 455 9.
1593 401 2032 454 Aunsmuu.

1470 1297 1744 1369 'ts-ingenti]
1791 1305 1877 1366 Sic
1905 1305 2136 1354 Faernus
2158 1303 2393 1367 legebat:
2428 1316 2549 1363 nou,

1486 1386 1546 1429 ut
1590 1381 1642 1430 in
1682 1380 1925 1445 vulgatis,
1967 1379 2099 1429 Num
2130 1379 2184 1428 iu
2219 1383 2434 1439 mortem,
2469 1379 2552 1439 ᾅσ.

1487 1456 1724 1506 Ursinus.
2553 1463 2560 1468 '

1555 1531 1814 1595 Multisque
1866 1530 2132 1580 vulneribus
2188 1529 2400 1589 conserta
2453 1527 2548 1592 est]

1487 1607 1684 1656 Sustuli
1710 1607 1910 1670 insigne
1934 1608 2190 1670 glossema
2225 1605 2420 1668 aliquot
2444 1616 2554 1652 ver·

1489 1696 1657 1743 suum,
1691 1682 1778 1746 qui
1814 1682 1914 1730 hue
1951 1679 2250 1743 transcripti
2283 1693 2313 1728 e
2337 1681 2550 1726 Seneca:

1490 1757 1714 1808 Octavia
1736 1755 2004 1807 verbatim.
2052 1757 2229 1820 anue
2251 1753 2422 1803 omnia
2427 1753 2552 1816 jure

1489 1834 1676 1883 desunt
1700 1834 1972 1883 Vaticano.
2026 1834 2144 1881 Nou
2166 1832 2330 1879 visum
2353 1829 2406 1878 id
2429 1835 2566 1878 aute*

1488 1924 1590 1971 me,
1613 1922 1678 1957 ne
1703 1909 1768 1958 ab
1791 1922 1855 1958 eo
1877 1907 2086 1972 quidem
2111 1906 2198 1970 qui
2222 1905 2431 1954 codices
2453 1904 2556 1952 Va·

1490 1985 1693 2033 ticanos
1711 1984 1994 2048 inspexisse
2006 1984 2196 2048 jactat,
2222 1982 2381 2031 miror
2401 1988 2458 2029 et
2480 1981 2558 2029 in-

1490 2060 1689 2125 dignor.
1756 2061 1891 2110 Haec
1916 2059 2224 2124 Agrippinae
2256 2071 2412 2107 mors.
2479 2056 2556 2107 At

1489 2138 1837 2188 Philostratus
1860 2139 1894 2190 Ι.
1919 2151 1998 2188 xv.
2023 2137 2089 2187 de
2110 2136 2235 2185 Vita
2271 2133 2555 2198 Apollonii,

1491 2212 1782 2262 adfirmavit
1821 2212 2091 2275 naufragio
2130 2211 2346 2275 periisse
2369 2208 2554 2272 Agrip-

1493 2289 1664 2352 pinam
1700 2289 1895 2339 solutili
1931 2288 2021 2338 ilia
2058 2301 2209 2338 nave.
2275 2285 2428 2335 Adeo
2464 2285 2556 2336 ine

1492 2371 1550 2414 et
1571 2379 1763 2429 genere
1785 2371 1842 2414 et
1864 2365 2098 2429 partibus
2132 2361 2425 2426 scriptionis
2449 2375 2556 2409 suae

1491 2447 1713 2506 nugator
1732 2447 1831 2491 est.
1865 2441 2073 2504 Lipsius.

1556 2518 1692 2567 CAP-
1714 2520 1763 2566 9.
1801 2516 2046 2566 Conviruli
2084 2515 2225 2578 lecto]
2256 2513 2285 2540 '¹
2309 2527 2423 2562 cum
2460 2511 2557 2558 lin-

1488 2592 1586 2641 teis
1601 2592 1845 2656 positum,
1861 2590 2196 2657 sequebatur:
2234 2590 2344 2638 Liv.
2363 2602 2537 2637 xum
2551 2621 2564 2635 .

1487 2666 1718 2731 Appian.
1741 2668 1854 2719 Civ.
1877 2673 1927 2718 2.
1965 2676 2023 2717 et
2056 2667 2237 2717 Servio
2269 2666 2332 2715 ad
2355 2671 2405 2714 5.
2430 2673 2484 2714 et
2507 2669 2556 2714 6.

1490 2743 1755 2804 AEneidos,
1795 2745 2148 2806 conjecturam
2194 2741 2570 2792 suadentibus.-

1493 2821 1568 2870 At
1591 2821 1772 2870 solitus
1792 2821 1958 2871 honor
1980 2836 2078 2885 pro
2119 2818 2329 2869 familiae
2369 2817 2556 2866 nobili·

1493 2903 1603 2947 tate
1627 2895 1886 2948 defunctis
1909 2897 2220 2961 amplissime
2246 2893 2491 2955 conferri,
2523 2907 2558 2941 a

1492 2974 1600 3025 filio
1637 2976 1788 3026 matri
1829 2975 1982 3025 datus
2019 2975 2228 3023 minime
2265 2971 2396 3021 fuit:
2432 2985 2556 3020 exe-

1466 3115 1469 3116 ,
1495 3051 1629 3114 quiae
1652 3057 1853 3100 tantum
1892 3051 2019 3098 viles
2043 3049 2329 3112 nulliusque
2364 3046 2554 3110 pretii:

1494 3134 1551 3175 et
1573 3127 1624 3174 in
1648 3140 1748 3190 quo
1772 3126 2062 3189 Agrippina
2093 3125 2265 3173 cibum
2288 3128 2558 3185 sumptura

1496 3201 1803 3264 accubabat,
1825 3215 1887 3250 eo
1910 3201 2022 3264 ipso
2045 3201 2236 3250 lectulo
2259 3199 2434 3248 delata
2456 3204 2555 3249 est.

1504 3280 1797 3330 Vertruuius.

1564 3357 1799 3417 Congesta
1817 3360 1900 3403 sut
1920 3354 2076 3403 clausu
2106 3353 2294 3416 humus]
2323 3351 2558 3416 vulgati,

1496 3431 1666 3481 hmo:
1717 3439 1771 3479 at
1804 3430 2006 3494 scripsi,
2034 3430 2215 3491 humus,
2249 3429 2389 3478 Flor.
2426 3427 2559 3477 indi·

1496 3514 1682 3557 eante:
1737 3508 1969 3572 quamvis
2009 3507 2190 3569 literar,
2232 3520 2307 3567 us,
2366 3504 2558 3556 deleta

1499 3585 1623 3647 sint,
1643 3597 1704 3632 ac
1728 3597 1883 3646 supra
1906 3583 2204 3645 repositum,
2229 3583 2292 3646 0,
2315 3595 2345 3629 a
2378 3594 2561 3631 recen·

1497 3660 1620 3710 tiorl
1641 3674 1815 3710 manu.
1848 3659 2074 3708 Picum.
2583 3696 2590 3704 .

1563 3736 1786 3785 Liber-tu
1826 3736 1926 3798 ejus
1980 3737 2280 3796 cognomento
2326 3729 2561 3795 Mnester]

1500 3810 1638 3860 Anu.
1665 3823 1741 3859 xx.
1763 3809 2001 3858 admonui
2024 3809 2208 3859 Dionis
2229 3814 2285 3857 et
2307 3805 2582 3870 lebilinl·

1499 3886 1712 3935 vitiatos
1735 3899 1849 3935 esse
1872 3885 2045 3947 libros,
2074 3885 2162 3947 qui
2186 3884 2443 3945 Μνηστῆρα
2465 3895 2586 3946 pro·

1502 3963 1582 4011 M.
1605 3962 1805 4010 Nestore
1829 3960 2155 4009 Pantomimo
2185 3960 2438 4021 seriptum
2471 3956 2561 4003 ha·

1503 4036 1704 4088 bereut.
1771 4036 1852 4086 An
1891 4036 2050 4100 igitur
2084 4043 2138 4084 et
2175 4036 2258 4084 hic
2284 4034 2358 4083 M.
2383 4034 2563 4082 Nestor

1503 4114 1831 4176 reponendus
1875 4113 2005 4162 erit?
2059 4111 2211 4163 Quod
2255 4123 2353 4157 non
2397 4111 2559 4170 puto:

1504 4199 1772 4240 auctorum
1808 4187 2058 4253 siquidem
2093 4199 2346 4235 consensu
2367 4184 2583 4231 l‘anto-·

1504 4267 1687 4317 mimus
1707 4267 1795 4317 ille
1832 4264 1930 4316 sub
1961 4262 2177 4315 Claudio
2209 4259 2407 4311 occisus
2434 4257 2563 4324 legi·
