3050 4867
1059 355 1414 406 onasum
1461 356 1625 405 osv.
1666 339 1783 407 39:

311 512 442 550 ema
493 495 695 560 forrum,
738 499 838 547 dte.
901 512 1071 564 neque
1123 501 1258 550 enim
1307 505 1369 548 ut

317 581 494 626 arnent
509 580 807 623 amenturve
842 573 1119 638 [quomodo
1154 574 1369 624 Romani

317 650 654 712 Romanaeve]
693 649 972 700 ornantur)
1061 651 1194 699 Nam
1231 650 1368 714 apud

318 726 467 776 Rom.
496 726 653 775 etiam
688 726 782 774 viri
819 731 1060 774 menore:
1094 726 1370 786 habebant,

317 801 384 852 de
408 802 593 864 quibus
626 802 750 850 vide
776 803 1077 866 Pignorium
1101 803 1165 851 de
1189 804 1369 861 servis,

319 876 403 926 cui
443 876 576 925 adde
623 878 656 925 l.
690 890 814 927 mxv.
850 880 896 941 ς.
928 882 975 927 3.
1022 879 1088 927 de
1127 880 1286 942 legat.
1323 882 1370 927 8.

320 952 437 1004 Quo
472 960 529 1003 et
571 953 696 1002 illud
745 953 922 1002 Ovidii
965 953 1166 1003 tendit:
1217 953 1373 1003 ‘Sint

319 1029 497 1091 procul
542 1043 573 1076 a
612 1028 764 1078 nobis
793 1029 1033 1093 juvenes,
1067 1036 1128 1078 nt
1161 1029 1373 1092 femina,

319 1104 549 1166 compti!
615 1105 754 1168 Ergo
772 1120 844 1154 ex
861 1105 939 1155 bis
967 1105 1220 1169 omnibus,
1236 1106 1375 1169 qnod

320 1177 488 1228 ornari
504 1193 593 1227 eos
613 1178 760 1240 dicit,
781 1194 878 1229 nec
909 1187 1082 1230 tamen
1111 1188 1170 1229 ut
1202 1188 1375 1230 ament

324 1262 626 1304 amenturve
653 1254 797 1318 (sunt
820 1269 944 1318 ergo
961 1256 1049 1304 alii
1072 1257 1160 1320 qui
1185 1255 1251 1304 ad
1278 1257 1374 1304 hoc

323 1337 591 1391 ornantur,
610 1345 707 1380 nec
743 1331 867 1379 alios
889 1346 1039 1395 quam
1075 1345 1193 1380 suos
1215 1332 1376 1391 cives,

324 1413 385 1456 ut
422 1408 530 1455 aliis
562 1408 709 1470 hujus
735 1408 896 1456 libelli
925 1408 1073 1470 locis,
1108 1407 1377 1455 incesserit

326 1482 529 1546 auctor)
578 1485 669 1533 sed
713 1485 919 1533 innoxia
957 1482 1137 1545 forma,
1169 1484 1253 1532 cni
1303 1490 1378 1533 ta·

326 1574 441 1609 men
474 1574 648 1609 curam
684 1560 882 1619 tribuit,
902 1559 1189 1608 necessario
1211 1559 1378 1622 sequi·

328 1642 411 1685 tur
448 1651 541 1699 pro
579 1637 878 1698 unatim-em,
913 1635 1051 1700 quod
1088 1649 1224 1683 nnnc
1256 1635 1380 1695 legi·

329 1719 434 1773 tur,
498 1712 825 1760 scribendum
898 1726 1027 1770 esse,
1096 1716 1376 1759 ornator-em.

327 1786 644 1836 Freinshem.
708 1786 946 1850 Legerim
974 1792 1237 1836 ornaturam
1262 1802 1379 1836 cum

329 1862 701 1912 Freinshemio.
776 1864 956 1927 Neque
978 1862 1032 1910 id
1052 1879 1084 1911 a
1105 1863 1275 1925 prisca
1299 1877 1382 1912 rn-

332 1938 496 1987 ditate
517 1937 663 1986 nimis
686 1936 822 1986 forte
847 1938 1086 1986 alienum.
1132 1938 1350 1987 Kircltm.

397 2012 492 2061 Sed
529 2012 757 2074 inoxiae]
812 2012 954 2061 Malo
995 2027 1110 2061 cum
1157 2014 1384 2072 Mureto,

333 2089 544 2136 innoxia.
609 2087 812 2136 Acidal.

401 2166 462 2213 In
495 2163 792 2213 altitudinem
823 2165 1054 2226 quandam
1084 2168 1134 2212 et
1163 2170 1387 2213 terrorem

334 2243 513 2292 adituri
555 2242 676 2291 bella
714 2241 907 2305 compti]
973 2243 1064 2290 Vis
1113 2242 1386 2291 verborum

337 2316 600 2368 efficacior
628 2325 683 2367 et
721 2318 927 2379 clarior,
970 2318 1014 2367 si
1053 2323 1385 2381 transponas:

336 2396 514 2444 adituri
547 2394 668 2444 bella
701 2395 754 2443 ἐκ
772 2394 1070 2444 altitudinem
1092 2397 1320 2456 qumudmn
1340 2400 1390 2443 et

336 2478 566 2520 terrerem
602 2473 790 2535 mapa.
857 2471 970 2520 Nec
1004 2472 1125 2519 mibi
1163 2470 1390 2530 dubium,

340 2547 580 2596 'tacitum
601 2548 676 2596 sic.
697 2547 975 2596 ordinasse.
1039 2547 1220 2595 Silius:
1243 2547 1257 2574 ‘
1282 2547 1393 2594 Tri-

233 2647 240 2652 ·
341 2623 462 2687 plex
487 2624 646 2672 crista
671 2623 827 2685 jubas
864 2621 1084 2673 effundit
1109 2625 1251 2672 crine
1271 2623 1395 2672 Sue·

341 2697 440 2747 uo!
489 2698 736 2747 Solebam
774 2700 954 2761 opinor
994 2698 1152 2747 nodos
1175 2699 1290 2747 illos
1306 2698 1395 2747 ali·

343 2774 547 2837 quando
571 2774 807 2838 religare,
828 2775 979 2825 modo
1013 2775 1232 2839 quodam
1266 2775 1394 2823 Par-

346 2850 546 2898 thorum
588 2857 643 2898 et
692 2852 979 2899 Persarum.
1065 2851 1217 2900 Unde
1261 2851 1396 2899 Saxo

347 2923 723 2974 Grammaticus
762 2925 850 2974 lib.
889 2939 992 2976 vn.
1030 2929 1394 2990 ‘sparsamque

345 3003 562 3050 renodat
601 3001 896 3065 Caesariem,
933 3011 987 3051 et
1017 3003 1160 3051 laxos
1203 3003 1399 3066 patitur

344 3072 550 3125 fluitare
570 3076 814 3140 capillos:
883 3078 1090 3126 Colo-us.

419 3151 485 3200 Ut
504 3152 708 3200 hortium
741 3150 903 3211 oculis,
924 3151 1173 3213 mansur]
1214 3151 1400 3201 Placet

348 3226 1035 3290 Bambergensismmentur.
1099 3227 1319 3289 Lipsius.

416 3301 638 3350 Hostium
659 3302 802 3349 ocutis
823 3300 1072 3363 mutar]
1107 3301 1280 3350 Proba
1299 3304 1404 3352 lec·

352 3378 440 3427 tio.
517 3378 759 3427 Hostium
802 3377 965 3425 oeulis
1011 3377 1182 3425 ornari
1220 3385 1402 3441 argute

352 3452 614 3514 dicuntur,
634 3453 720 3516 qui
737 3461 982 3502 ornantur
999 3459 1057 3501 ut
1080 3455 1262 3503 terrori
1283 3455 1403 3503 sint.

354 3531 520 3595 Igitur
540 3530 676 3579 infra
695 3532 853 3579 etiam
877 3530 1008 3580 dixit
1029 3546 1043 3579 t
1071 3533 1086 3559 ‘
1112 3547 1228 3580 nam
1251 3533 1405 3595 primi

355 3606 407 3656 in
427 3610 661 3657 omnibus
701 3608 894 3671 proeliis
922 3609 1058 3658 oculi
1101 3609 1404 3660 vincuntur?

357 3683 609 3733 Nazarius
628 3684 692 3732 ad
717 3684 1139 3733 Constantinum:
1173 3688 1188 3712 ‘
1211 3685 1302 3734 illa
1326 3701 1405 3733 ar-

357 3772 553 3808 mornm
607 3760 888 3828 ostentatio
941 3767 995 3810 et
1050 3762 1219 3824 operti
1266 3759 1408 3810 ferro

290 3882 298 3891 ,
358 3834 637 3894 exercitus,
659 3837 744 3898 qui
778 3835 1009 3885 imbelles
1033 3838 1205 3886 oculos
1240 3838 1410 3885 vulne·

359 3912 594 3964 rassentl
652 3914 860 3961 Colerus.
933 3914 1048 3961 Non
1091 3913 1223 3961 bene
1263 3913 1411 3974 capio

361 3989 587 4037 auctoris
608 4001 827 4037 sensum.
887 3989 1041 4036 Suevi
1068 3989 1199 4038 bella
1221 3988 1424 4038 adituri‘

361 4071 609 4112 ornantur
647 4065 695 4111 iu
731 4064 1053 4113 altitudinem
1078 4063 1335 4128 «fumidam
1359 4073 1418 4114 et

364 4146 637 4198 terrorem,
658 4146 873 4204 compti,
905 4151 961 4189 ut
997 4143 1211 4190 hostium
1233 4143 1415 4191 oculis.

366 4214 452 4264 An
473 4230 568 4281 pro
586 4221 833 4281 mur,
855 4216 1198 4267 lectitabimus
1230 4229 1416 4266 arnna·

1442 497 1559 549 tur?
1611 498 1736 548 Sed'
1760 499 1860 549 non
1900 499 2097 550 tollitur
2151 501 2248 550 liae
2291 500 2493 550 ratione

1440 575 1743 640 ἁκυρολογία,
1758 578 1773 604 ⁴
1789 584 1847 626 ut
1863 576 2083 625 hostium
2102 575 2294 626 oculis!
2322 576 2497 639 Displ-

1443 651 1551 701 eiat
1593 653 1759 701 lector
1799 652 2029 701 eruditus
2072 666 2136 700 an
2181 666 2282 700 non
2325 652 2394 700 sit
2433 652 2498 700 ad

1439 728 1644 777 houm·
1665 730 1835 787 oculos,
1856 729 1937 775 vel
1960 728 2011 775 in
2037 728 2180 775 oculis
2205 727 2498 789 legendum.

1445 804 1764 853 Kirdimuier.
1834 805 2003 852 Possis
2026 803 2272 865 suspicari
2294 802 2467 850 comui
2481 816 2500 851 .·

1444 879 1538 928 sed
1576 881 1686 928 haec
1724 880 1979 929 sententia
2013 886 2122 927 est:
2169 878 2283 928 Hoc
2319 893 2497 941 unum,

1445 957 1547 1005 &m
1580 954 1610 982 ‘
1644 956 1849 1002 Gronov.

1513 1031 1648 1080 Cn».
1669 1034 1750 1079 89.
1785 1028 2054 1091 Semo-n]
2092 1030 2291 1077 Recte:
2320 1028 2423 1077 etsi
2445 1027 2500 1077 in

1448 1106 1649 1155 Velleio
1679 1106 1770 1153 lib.
1794 1119 1858 1153 ιι.
1909 1105 2114 1152 Senones
2143 1103 2394 1166 scriptum
2428 1105 2503 1153 le-

1450 1197 1560 1247 gas,
1588 1181 1675 1246 qui
1705 1196 1794 1230 eos
1827 1195 1941 1229 cnm
1988 1180 2359 1228 Hermunduris
2382 1191 2504 1228 con-

1438 1258 1635 1320 jungit.
1689 1257 1750 1305 Iu
1776 1254 1961 1304 Dionis
1982 1254 2298 1317 Fragmentis
2315 1254 2503 1303 Electo

1450 1345 1606 1382 uxr.
1630 1331 1931 1395 probissime
1950 1332 2197 1393 scriptum
2216 1336 2358 1379 erat:
2382 1328 2507 1391 Πρὸς·

1450 1406 1679 1469 zimara:
1697 1408 2009 1469 ἐπιχειρῆσαι
2048 1407 2115 1455 de
2134 1405 2391 1456 Antonini·
2399 1406 2508 1455 bel-

1450 1486 1501 1534 lo
1525 1487 1575 1533 in
1598 1485 1810 1536 Quados
1830 1494 1883 1532 et
1907 1485 2314 1532 Marcomannos.
2368 1484 2507 1533 Item

1452 1564 1637 1612 Electo
1660 1575 1812 1612 xux.
1859 1561 2049 1611 udo-uos
2069 1564 2096 1610 ὀ
2116 1562 2354 1623 temdum·
2373 1566 2508 1632 βασιρ

1452 1637 1580 1688 Aedr-
1632 1640 1761 1688 Late
1783 1647 1925 1688 errat
1951 1640 2028 1687 vir
2044 1638 2243 1699 doctus,
2259 1639 2343 1702 qni
2362 1645 2504 1688 utro·

1455 1714 1609 1778 bique
1632 1716 1947 1764 Nasamones
1970 1714 2236 1763 substituit
2248 1721 2303 1763 et
2325 1714 2510 1775 edidit,

1455 1790 1653 1840 Afrieae
1684 1791 1926 1838 -nimirum
1989 1797 2211 1853 gentem.
2305 1788 2380 1838 At
2421 1790 2510 1838 isti

1457 1867 1734 1915 Semnones
1771 1865 1836 1914 ad
1870 1864 2043 1914 Albim
2078 1871 2229 1913 suntt
2264 1871 2320 1914 et
2354 1864 2512 1913 mani-

1457 1940 1592 1991 festo
1630 1942 1716 1990 illa
1766 1942 1945 1990 Dionis
1989 1947 2232 2004 spectant
2273 1940 2335 1989 ad
2378 1941 2511 1990 Ger·

1457 2019 1656 2066 manica
1676 2018 1827 2066 bella.
1894 2016 2099 2079 Lipsius.

1523 2093 1796 2155 Semnones]
1850 2093 2034 2142 Strabo
2079 2106 2284 2156 quoque
2314 2092 2389 2140 ita
2425 2105 2515 2154 ap*

1462 2170 1638 2232 pellat.
1717 2168 1822 2217 Sed
1877 2168 2097 2227 Senones,
2145 2168 2226 2215 vel
2280 2166 2515 2216 &mones

1461 2245 1654 2293 rectius
1676 2251 1785 2293 est:
1820 2243 1976 2292 iidem
2016 2243 2152 2291 enim
2188 2243 2360 2305 populi
2392 2247 2514 2291 sunt

1463 2337 1579 2372 cum
1601 2323 1721 2380 illis,
1741 2336 1868 2386 quos
1891 2322 2023 2370 ultra
2046 2321 2263 2370 Nervios
2284 2321 2515 2369 habitare

1462 2398 1598 2446 idem
1621 2395 1958 2460 Geograpbns
1989 2404 2227 2445 testatur.
2294 2398 2377 2445 De
2417 2395 2518 2445 illis

1466 2480 1637 2522 antem
1681 2472 1915 2521 Snevicis
1959 2473 2267 2520 Pater-culus
2320 2471 2408 2519 lib.
2447 2483 2514 2519 tt.

1466 2556 1520 2597 et
1556 2550 1731 2597 Florus
1769 2547 1858 2596 lib.
1884 2560 1960 2595 tv.
1998 2535 2125 2594 ‘'sed
2165 2561 2340 2596 omnes
2379 2546 2519 2595 illius

1466 2625 1684 2675 cardinis
1724 2626 1957 2688 populos,
1995 2626 2246 2684 Brennus,
2272 2624 2520 2686 Senones,

1467 2709 1624 2765 atque
1644 2700 1977 2749 Vindelicos.'
2040 2701 2219 2748 Varias
2250 2700 2518 2749 Gallorum

1469 2779 1519 2825 in
1544 2776 1870 2825 Germaniam
1902 2776 2226 2838 migrationes
2248 2776 2405 2824 fuisse
2433 2773 2524 2822 ali·

1472 2854 1522 2901 bi
1544 2862 1598 2902 et
1615 2854 1821 2902 Tacitus
1844 2862 1899 2903 et
1927 2867 2025 2916 ego
2040 2851 2520 2901 demonstrabimus.

1470 2929 1664 2979 Quidni
1694 2931 1831 2977 enim
1866 2928 2207 2977 assentiamur
2245 2927 2414 2989 Lazio,
2435 2925 2535 2988 qui·

1469 3005 1664 3052 Suevos
1698 3004 1924 3050 Senon-s
1966 3001 2124 3051 fuisse
2164 3003 2277 3050 illos
2315 3001 2526 3063 colligit,

1473 3092 1685 3143 quornm
1735 3077 2008 3140 superbum
2046 3077 2173 3126 illud
2224 3071 2533 3139 responsum‘

1471 3154 1535 3201 ad
1558 3152 1838 3201 Alexandri
1858 3153 2033 3216 Magni
2054 3156 2253 3217 legatos
2277 3169 2306 3201 a
2322 3155 2386 3205 Q.
2401 3153 2529 3203 Cur-

1471 3230 1547 3278 tio
1571 3230 1908 3278 :nemos-atur?
1928 3228 2103 3278 Adriae
2125 3230 2288 3278 sinum
2307 3237 2362 3277 et
2378 3230 2531 3292 Iapo-

1475 3303 1595 3354 dum
1614 3305 1848 3354 viciniam
1866 3312 1989 3355 tnnc
2006 3305 2281 3354 habebant.
2320 3297 2536 3356 coleras.

1539 3380 1776 3441 Augur-iis
1790 3380 2002 3443 patrum]
2059 3384 2440 3442 spontaneusne
2464 3392 2531 3427 an

1477 3454 1721 3504 fortuitus
1743 3456 2056 3504 versiculus?
2082 3456 2344 3504 Fortuitns
2366 3459 2531 3503 certe.

1477 3532 1621 3580 Talis
1644 3532 1731 3579 illa
1758 3530 1913 3580 Plinii
1945 3534 2007 3578 acl
2041 3532 2310 3594 Trajanum
2337 3532 2533 3594 Paneg-

1479 3610 1494 3636 ‘
1521 3606 1732 3657 Credite
1768 3607 1809 3654 si
1848 3622 1997 3654 cursu
2021 3608 2277 3670 quondam
2320 3623 2534 3670 provec-

1481 3690 1562 3732 tus
1581 3683 1645 3731 ab
1671 3682 1796 3741 illo.’
1818 3695 1969 3745 quem
1991 3683 2400 3732 adolescentulus
2434 3683 2536 3745 pri-

1483 3758 1597 3807 dem
1644 3758 2130 3806 animadvertebam.
2204 3759 2267 3805 Et
2308 3759 2401 3805 lioc
2447 3756 2537 3805 lib.

1499 3833 1671 3893 l’aciti,
1727 3832 1901 3881 ‘atras
1954 3832 2018 3880 ad
2077 3835 2256 3894 proelia
2319 3830 2553 3879 noctes-’-

1491 3910 1656 3972 Magis
1700 3907 1930 3970 apposite
1973 3919 2025 3955 et
2071 3922 2251 3954 sonore
2297 3906 2542 3968 Virgilius

1487 3984 1828 4034 noudum-ret.
1897 3985 2102 4032 cotenu.

1559 4060 1767 4108 Barbari
1789 4060 1931 4122 ritus]
1970 4061 2115 4109 Facit
2148 4061 2243 4108 boc
2275 4060 2338 4105 ad
2372 4069 2541 4105 meam

1488 4138 1830 4184 adsertionem
1850 4136 1915 4185 de
1933 4137 2129 4198 origine
2153 4136 2403 4182 Senonum
2420 4129 2544 4180 Gn!-

1485 4219 1673 4269 licata.
1715 4216 1857 4267 Galli
1892 4216 2028 4264 enim
2069 4215 2220 4264 Eram
2249 4218 2404 4278 atque
2426 4209 2547 4259 Tu·
