3050 4867
449 333 628 405 4194

447 507 648 558 mn,
668 491 836 556 priiua
857 489 1061 556 origine
1083 506 1116 541 a
1135 491 1282 543 fonte
1304 491 1519 558 dietam,

451 567 603 632 '717⁶-
639 567 871 619 mus

518 645 674 696 Simul
704 660 738 694 a
769 647 914 694 lutere
934 644 1069 694 saxis
1097 645 1313 709 urgeret]
1382 643 1519 695 Haec

453 721 637 785 verba,
668 722 1019 772 «metuatis
1045 737 1153 785 urg.
1189 736 1290 771 nou
1320 720 1516 769 suntin

453 800 715 849 volumine
739 801 1005 850 Manuscr.
1030 815 1146 849 nam
1178 800 1286 849 illic
1307 798 1517 862 legitur,

454 875 615 929 Simul
647 875 848 925 altitudo
869 883 995 941 «τρία
1027 879 1094 926 ud
1115 876 1389 938 jacendum,
1421 889 1516 938 pro

439 951 726 1012 jaciendum.
770 952 1088 1003 subanditur
1106 963 1160 1002 et
1184 953 1518 1016 Paganoruin

454 1044 636 1079 manus
659 1031 946 1094 exciperet.
985 1030 1203 1079 Rhenum.

542 1105 626 1155 Aa
663 1106 933 1173 jaciendum
983 1120 1278 1168 paganorum
1329 1103 1517 1167 mas]

461 1180 679 1231 Auetior
703 1181 812 1230 Flo.
835 1183 898 1231 ud
914 1181 1186 1243 jaciendum
1207 1180 1352 1229 etiam
1367 1195 1518 1243 pugu-

453 1272 623 1306 noram
639 1271 818 1307 manus.
883 1258 969 1306 De
1005 1256 1220 1319 paganis
1255 1254 1407 1318 paulo
1437 1268 1518 1302 sn·

457 1331 760 1395 prajdixit;
808 1331 824 1359 ‘
850 1331 1018 1380 mixtis
1051 1330 1262 1394 paganis
1283 1330 1316 1379 ι’
1364 1336 1521 1393 atque

456 1406 549 1456 inf.
572 1409 608 1456 1.
634 1420 720 1457 ιιι.
753 1408 769 1434 ‘
790 1407 904 1456 Nisi
928 1406 1132 1456 vincitis
1155 1405 1375 1469 pagani!
1424 1405 1522 1454 Pa-

457 1482 578 1545 gani
599 1486 772 1531 autem
807 1481 858 1530 iu
879 1481 1079 1531 bellicis
1104 1481 1523 1544 expeditionibus

457 1557 781 1609 vocabantur
814 1557 880 1606 ad
902 1554 1247 1607 differentiam
1269 1557 1523 1619 militum3

456 1635 513 1685 id
536 1642 632 1694 est,
655 1649 830 1684 omnes
853 1634 940 1698 qui
959 1634 1149 1684 milites
1186 1647 1287 1682 non
1313 1641 1516 1683 essent:

459 1727 491 1760 a
513 1712 680 1776 pagis,
698 1712 778 1760 vel
800 1710 1005 1776 oppidis
1020 1710 1071 1760 d.
1105 1710 1244 1759 Plin.
1268 1723 1417 1773 ep.x.
1439 1714 1519 1759 18.

460 1786 632 1850 ‘apud
664 1800 748 1836 mc
782 1792 837 1835 et
869 1786 1058 1835 milites
1091 1791 1143 1834 et
1169 1785 1376 1848 pagani,
1410 1798 1522 1834 cer·

459 1865 613 1914 tatim
652 1863 702 1913 ei
736 1864 1086 1913 testimonium
1131 1862 1520 1911 retribuerunt:

458 1940 644 1991 Juven.
677 1940 788 1989 Sat.
813 1952 891 1987 vr.
924 1941 939 1966 ‘
956 1939 1106 1988 citius
1129 1935 1313 1987 falsmn
1338 1937 1525 2000 produ-

459 2028 578 2065 cere
599 2022 785 2064 testem
820 2015 1017 2063 Contra
1037 2027 1293 2078 paganum
1327 2012 1524 2076 possis!

459 2090 575 2140 Lib.
622 2103 739 2138 ΧΠ.
775 2089 844 2137 D.
889 2088 953 2137 de
999 2088 1199 2152 poenis:
1235 2087 1523 2139 ‘Quaedam

461 2164 656 2213 delicta
694 2177 913 2226 pagano,
950 2173 1042 2213 aut
1079 2164 1289 2224 nullam,
1326 2168 1415 2211 aut
1454 2162 1524 2210 le-

460 2238 654 2289 viorem
683 2254 883 2303 poenam
923 2239 1186 2302 irrogant3
1219 2238 1372 2287 militi
1405 2251 1526 2287 vero

460 2319 784 2382 graviorem!
837 2318 976 2369 Item
1016 2318 1083 2367 ad
1126 2319 1225 2382 leg.
1268 2317 1464 2368 Falcid.
1491 2318 1525 2366 l.

459 2395 559 2444 ult.
625 2395 827 2456 ‘Miles,
847 2395 889 2444 si
920 2394 1043 2444 dum
1076 2409 1306 2459 paganus
1337 2392 1526 2443 fecerit

460 2477 851 2534 testamentum,
881 2471 1079 2520 militiae
1119 2475 1356 2534 tempore
1387 2469 1528 2519 codi-

460 2547 762 2609 cillos,’&c.
828 2548 1054 2597 Picbeuu.

531 2624 790 2673 Obscurum
833 2624 986 2672 noctis
1038 2623 1262 2684 objectum
1316 2622 1527 2672 obtenti&

448 2698 774 2763 fugientibus]
807 2699 1146 2763 Participinm
1169 2699 1394 2758 obiectum
1415 2711 1526 2746 era-

437 2777 631 2824 ·simus.
697 2777 783 2825 De
823 2776 1015 2824 obtentu
1057 2776 1343 2824 monuimus
1381 2774 1524 2822 alibi.

464 2851 735 2901 Rhenanus.

529 2927 664 2975 CAP.
689 2931 768 2977 15.
789 2927 1109 2989 Turingorum
1128 2925 1388 2975 cohortium
1404 2941 1526 2989 prae-

448 3002 599 3066 secti]
646 3003 972 3067 scripsimus,
1005 3002 1306 3062 Tungrarum
1347 3002 1526 3050 cohort.

457 3095 579 3144 proe.
615 3079 914 3129 Rhenanus.
981 3079 1242 3141 Muretus,
1289 3077 1528 3139 'I'itr‘iugu-

462 3171 585 3206 rum.
651 3156 824 3216 Unde,
848 3161 939 3204 aut
961 3168 1071 3213 cur,
1090 3154 1282 3203 nescio.
1338 3154 1525 3203 Acidal.

526 3230 805 3279 Sustentata
822 3230 1007 3293 quidem
1023 3230 1107 3278 din
1127 3228 1247 3292 acie]
1272 3229 1527 3293 Conjunc·

463 3307 656 3357 tionem
679 3308 863 3370 quidem
886 3305 1248 3355 submovimus.
1305 3304 1525 3354 Rhenus.

533 3384 612 3432 Ne
631 3384 741 3432 hinc
762 3383 939 3447 classis,
956 3382 1067 3431 inde
1088 3381 1246 3446 eques]
1275 3381 1360 3430 Sic
1385 3387 1527 3431 vete-

462 3472 546 3509 res
562 3460 743 3522 nostri,
758 3474 911 3521 eques.
946 3458 1160 3522 Vulgati
1173 3471 1317 3521 vero,
1332 3456 1529 3519 equites.

466 3534 714 3585 Pit-hena.

529 3609 793 3673 Antipolim
814 3608 1134 3659 Narbonensis
1177 3608 1356 3658 Gallia
1377 3609 1528 3657 muni·

464 3686 659 3752 cipiunt]
681 3686 952 3734 Neminem
968 3686 1097 3733 latet
1114 3684 1370 3746 municipes
1385 3683 1526 3732 cives

466 3775 581 3812 esse
601 3763 876 3823 Romanos,
890 3775 955 3808 ex
980 3761 1289 3825 municipiis,
1310 3775 1400 3809 suo
1407 3759 1528 3823 jure

465 3844 523 3889 et
543 3838 744 3902 legibus
768 3837 871 3887 suis
902 3844 1129 3900 utentes,
1160 3836 1383 3886 muneris
1417 3842 1528 3884 tan-

466 3918 579 3964 tum
611 3928 727 3964 cum
749 3915 943 3978 populo
963 3915 1108 3963 Rom.
1135 3912 1391 3962 honorarii
1413 3926 1527 3976 par-

464 3989 673 4054 ticipes.
739 3989 788 4039 A
829 4005 929 4055 quo
962 4004 1174 4039 munere
1209 3987 1529 4053 capessendo

467 4066 720 4132 appellati
740 4065 997 4129 videntur,
1013 4069 1028 4094 ‘
1050 4065 1202 4115 nullis
1216 4065 1328 4113 aliis
1350 4078 1529 4113 neces-

462 4142 709 4192 sitatibus
721 4156 887 4206 neque
903 4143 1006 4191 ulla
1023 4143 1296 4206 pop.Rom.
1314 4143 1431 4204 lege
1440 4142 1531 4192 ad·

464 4221 657 4293 stricti,
666 4235 783 4273 cum
793 4235 1049 4287 nunquam
1061 4218 1531 4288 pop.Rom.fundus

1152 347 1372 399 nom
1417 312 1820 403 vsnrounu
1870 352 1951 403 m

1593 486 1772 543 eorum
1801 492 1974 544 factus
2015 493 2122 556 sit,’
2189 499 2250 543 ut
2277 492 2352 543 ait
2386 493 2669 558 eleganter,

1591 568 1765 633 Agell.
1783 582 1899 619 xv1.
1920 573 2000 619 18.
2064 567 2171 618 Sed
2193 569 2237 618 si
2258 569 2653 633 Ταιιιοὲιιιῑιιιιι,

1593 646 1769 709 Olbia,
1789 645 2351 709 Antipolis‚Niceaque
2371 645 2423 694 in
2439 645 2655 711 Salynn

1593 722 1701 771 solo
1715 727 1997 771 exstructas
2011 728 2159 782 sunt3
2178 722 2369 787 illoque
2384 721 2435 770 in
2456 722 2653 785 littore,

1592 797 1729 847 unde
1763 799 1825 847 C.
1848 798 2055 847 Sextius
2078 798 2281 861 Salyes,
2304 804 2361 849 et
2393 800 2663 850 Deceates

1592 880 1649 922 et
1671 874 1888 938 Ligures
1931 873 2141 938 Alpium
2180 876 2551 925 maritimarum
2586 876 2669 927 in·-

1593 951 1733 998 colas
1756 951 1976 1014 expulit,
2012 965 2130 1000 cum
2168 966 2234 1000 ex
2278 966 2341 1001 eo
2360 949 2504 1001 facta
2532 966 2661 1016 pop.

1597 1026 1746 1077 Rom.
1789 1028 1932 1091 regio
1954 1029 2215 1078 maritima
2254 1030 2342 1091 sit,
2364 1029 2499 1078 baud
2536 1030 2657 1092 scio,

1594 1116 1686 1150 cur
1709 1100 1971 1165 Antipolis
1992 1104 2327 1167 municipium
2351 1119 2380 1153 a
2418 1105 2675 1155 Cornelio,

1593 1178 1917 1241 appelletur:
1957 1178 2055 1227 nisi
2078 1178 2215 1229 forte
2254 1194 2409 1229 cansa
2431 1181 2503 1232 sit
2531 1182 2662 1244 baec,

1596 1253 1735 1318 quod
1756 1253 1963 1303 Sextius
1985 1269 2051 1305 ex
2076 1255 2359 1317 littoribus,
2380 1271 2495 1321 quae
2519 1257 2663 1305 Mss-

1597 1329 1712 1377 silia
1734 1329 1931 1380 ducunt
1952 1331 2003 1380 iu
2038 1329 2264 1394 Italiam,
2290 1333 2445 1397 pulsis
2467 1333 2677 1382 Barba--

1597 1404 1688 1467 ris,
1728 1407 1963 1456 relictam
2003 1407 2067 1456 ab
2106 1407 2168 1456 iis
2211 1423 2350 1457 oram
2395 1409 2662 1458 hhssilen-
2704 1442 2713 1449 -

1599 1480 1739 1531 sibus
1776 1482 2037 1547 attribuit,
2069 1489 2128 1533 ut
2159 1491 2341 1534 auctor
2372 1493 2452 1535 est
2472 1486 2660 1535 Strabo

1598 1557 1632 1607 1.
1657 1570 1735 1606 ιν.
1802 1557 1886 1606 Ita
1908 1573 2008 1608 non
2030 1558 2131 1609 fuit
2152 1574 2215 1609 ea
2237 1575 2361 1625 pop.
2386 1562 2533 1611 Rom.
2552 1559 2664 1611 fac·

1599 1640 1670 1694 ta,
1691 1646 1840 1697 quam
1865 1637 2106 1697 purgavit
2123 1637 2400 1697 proconsul
2436 1637 2667 1699 Sextius,

1596 1708 1798 1757 nomine
1823 1708 1949 1758 socii
1972 1710 2149 1773 populi
2175 1711 2499 1760 Massilitani.
2545 1712 2667 1761 Coe-

1598 1791 1765 1834 terum
1790 1799 1819 1834 e
1853 1787 2063 1834 natione
2079 1787 2308 1849 Salyum,
2331 1787 2661 1850 Decentium,

1598 1861 1989 1925 Oxybiorumve
2034 1864 2283 1928 quosdam
2343 1863 2502 1914 fuisse
2556 1880 2678 1914 non·

1597 1938 1806 1986 hostiles
1830 1951 2043 1987 necesse
2084 1946 2163 1987 est
2203 1939 2397 2001 dicere,
2437 1941 2523 2005 qui
2553 1951 2662 1989 mu-

1598 2013 1793 2077 nicipio
1837 2028 1867 2062 a
1924 2016 2235 2078 proconsule
2274 2017 2515 2066 attributi
2552 2016 2663 2067 fne-

1600 2090 1722 2139 rint.
1791 2091 1977 2155 Neque
2016 2092 2150 2141 enim
2190 2092 2401 2142 colonos
2424 2094 2683 2143 aRomau

1598 2165 1679 2214 nis
1719 2167 1899 2214 missos
1946 2169 2160 2230 legimus
2189 2167 2495 2232 Antipolim,
2526 2185 2661 2234 ¹quae

1599 2240 1819 2301 colonia,
1842 2243 1883 2290 si
1917 2243 1968 2291 id
2005 2252 2160 2305 esset,
2198 2258 2299 2293 non
2324 2244 2657 2308 municipium

1600 2316 1884 2367 diceretur.
1941 2319 2116 2369 Minus
2137 2334 2169 2367 a
2188 2320 2543 2382 Massilitanis,
2557 2321 2665 2386 qoi-

1599 2390 1813 2441 buscum
1852 2393 2062 2443 tandem
2097 2395 2300 2458 judicio
2338 2396 2661 2446 contendeus

1599 2465 1881 2531 Antipolis,
1902 2468 2063 2519 libera
2101 2472 2166 2520 ab
2206 2486 2380 2521 eorum
2403 2471 2662 2523 mandatis

1600 2540 1744 2591 facta
1761 2551 1858 2605 est,
1881 2544 2045 2608 inquit
2069 2546 2183 2596 ille:
2223 2547 2359 2612 quod
2385 2562 2663 2611 perperam

1592 2618 1880 2681 judicatum
1906 2620 2165 2683 fuisset,si
2189 2623 2389 2686 origiue
2407 2638 2495 2673 sua
2522 2625 2660 2673 Mas·

1595 2694 1831 2745 silienses
1846 2697 2162 2748 attinuisset.
2229 2699 2458 2749 Proinde
2476 2699 2661 2749 Gallia

1601 2770 2292 2838 Narbonensismuuicipium
2305 2772 2662 2825 CornelioAn·

1601 2846 1775 2909 tipolis
1806 2847 2023 2909 dicitur,
2064 2851 2200 2914 quod
2240 2851 2296 2900 in
2336 2851 2662 2901 Narbonensi

1598 2923 1754 2972 hodie
1800 2938 2005 2989 qnoque
2042 2927 2295 2989 superni:
2330 2927 2452 2976 olim
2485 2936 2660 2976 autem

1603 3006 1736 3049 teste
1755 3000 2008 3050 Strabone
2023 3002 2191 3061 Italia·
2210 3002 2660 3053 annumerabatur.

1601 3076 1732 3126 Quae
1756 3090 1874 3124 cum
1895 3075 1970 3125 ita
1990 3079 2113 3139 sint,
2144 3080 2228 3128 ubi
2269 3081 2329 3130 C.
2352 3080 2550 3129 Plinius
2572 3081 2675 3144 ait,

1601 3150 1633 3198 l.
1674 3162 1761 3199 ιιι.
1784 3156 1834 3200 4.
1882 3152 1970 3199 ‘in
2009 3165 2098 3201 ora
2137 3154 2385 3217 oppidum
2422 3155 2664 3207 Latinum

1600 3225 1900 3291 Antipolis,'
1948 3243 2052 3278 non
2096 3230 2265 3294 accipi
2313 3231 2470 3281 debet
2525 3232 2665 3282 inter

1601 3301 1817 3353 Graecas
1832 3304 2227 3355 Massiliensium
2242 3304 2484 3357 civitates
2507 3305 2665 3357 fuisse

1602 3376 1905 3442 Antipolim,
1918 3395 2033 3444 quae
2058 3381 2243 3430 Latine
2264 3383 2534 3447 loquentes
2554 3398 2663 3433 mu·

1601 3455 1798 3518 nicipes
1831 3455 2081 3506 haberet:
2117 3457 2208 3506 sed
2250 3458 2367 3507 ideo
2400 3459 2662 3522 Latinum,

1603 3531 1741 3595 qnod
1766 3531 1938 3581 Italici
1952 3531 2087 3595 juris
2108 3541 2264 3584 esset.
2305 3534 2596 3585 Ver-tranium

1668 3606 1800 3656 CAP.
1841 3612 1919 3657 16.
1967 3608 2112 3658 Nihil
2144 3610 2195 3658 iu
2227 3625 2405 3659 sauma
2442 3609 2663 3673 profutu-

1601 3684 1728 3746 rum]
1782 3684 1982 3745 Malim,
2024 3685 2077 3735 ia
2110 3701 2352 3738 mmm.
2423 3688 2663 3738 Quodam

1605 3773 1761 3821 supra
1784 3760 1895 3808 loco
1912 3773 2109 3809 rursum
2143 3762 2194 3811 in
2214 3777 2394 3811 sunnio
2413 3762 2665 3827 scriptum

1604 3833 1706 3883 fuit
1730 3850 1842 3898 pro,
1868 3835 1920 3884 in
1939 3850 2186 3901 summm,
2208 3837 2274 3887 de
2295 3853 2395 3903 quo
2412 3839 2662 3889 lectorem

1602 3911 1879 3962 admonere
1894 3911 1971 3963 fui
1992 3913 2199 3964 oblitus.
2234 3915 2502 3965 Rhenum.
2547 3914 2668 3965 Pla·

1604 3996 1710 4052 cet,
1733 3999 1789 4037 ut
1815 3989 2073 4038 Danesius
2103 3990 2335 4054 legebat,
2356 3992 2408 4041 iu
2440 4006 2683 4041 mmm.

1598 4064 1880 4129 profuturo.-
1936 4081 2053 4130 quae
2108 4065 2368 4130 scriptura
2406 4081 2509 4116 nou
2540 4072 2671 4131 eget

1604 4143 1860 4209 exemplo,
1910 4150 1971 4194 ut
2014 4142 2365 4194 confirmetur.
2449 4144 2683 4194 Ursinus..

1604 4220 1773 4273 Recte
1793 4220 1848 4273 in
1868 4220 2120 4288 margine,
2133 4235 2379 4276 amomo.
2414 4219 2531 4273 Sed
2544 4218 2665 4272 vida
