3050 4867
660 437 740 486 m
798 422 1315 484 nianro'rnscrs
1366 433 1565 483 amr.
1613 434 2153 484 snam-ronna.
2344 400 2517 485 4545

312 584 558 670 piatur,
604 592 671 650 et
709 587 847 670 qui,
894 586 1246 670 Europaeis
1291 586 1548 663 saltem,
1600 586 1965 668 praesertim
1988 568 2402 650 Germanicis
2454 590 2526 653 et

314 689 742 766 BritanniciS,
773 708 896 772 pro
940 689 1213 752 ductore
1254 686 1563 752 historico
1607 684 1999 763 clarissimo,
2042 690 2110 749 et
2138 706 2280 769 prae
2311 687 2546 751 omni»

311 790 442 854 bus
472 792 763 874 antiquis
792 790 1164 868 utilissimo,
1223 789 1603 853 aestimetur.
1723 787 1904 853 Haec
1949 786 2210 871 praefati
2255 793 2518 867 sumus,³

314 893 510 976 quasi
575 894 1093 975 prolusionibus,
1185 911 1320 956 non
1375 910 1498 974 pro
1551 890 1747 955 certis
1802 894 1868 953 et
1926 890 2339 968 indubitatis,
2401 889 2519 955 sed

250 1018 271 1035 ·
311 994 777 1077 probabilibus
829 996 1081 1073 causiS,
1141 1013 1343 1078 quare
1385 992 1614 1055 Taciti
1664 991 1932 1055 codices
1988 994 2116 1056 sint
2164 991 2524 1067 rarissimi,'

308 1096 507 1179 plura
552 1096 776 1161 forsan
822 1117 1020 1181 quam
1049 1099 1249 1176 satis3
1294 1116 1376 1159 eo
1406 1095 1714 1158 nimirum
1758 1095 2037 1176 longiori
2086 1113 2383 1158 sermone
2436 1093 2522 1157 de
2560 1112 2568 1122 ·

309 1194 417 1259 his
458 1198 661 1261 rebus
705 1194 1013 1267 lectorem
1036 1198 1296 1275 morati,
1340 1216 1478 1280 quo
1510 1197 1813 1260 breviora
1843 1201 2054 1275 erunt,
2100 1215 2187 1260 ex
2230 1197 2518 1259 necessi*

311 1301 473 1376 tate,
518 1320 671 1383 quae
714 1300 798 1364 de
826 1300 1174 1366 codicibus
1217 1301 1385 1384 ipsis
1416 1299 1823 1365 Britannicis
1844 1297 1992 1383 jam
2021 1316 2248 1363 sumus
2279 1296 2512 1360 denar-

320 1400 552 1465 taturi.

685 1656 759 1723 C.
796 1656 868 1723 C.
907 1657 1107 1723 Taciti
1142 1655 1386 1723 Codices
1416 1656 1481 1721 in
1516 1653 1736 1721 Museo
1773 1654 2170 1722 Britannico.

409 1823 716 1889 Biblioch.
772 1823 964 1890 Harl.
1010 1826 1204 1892 2764.
1268 1826 1465 1895 habet
1522 1828 1674 1891 cod.
1725 1826 1861 1892 Ms.
1913 1826 2202 1892 Cornelii
2258 1825 2511 1907 Taciti,

318 1923 648 1992 Actorum
692 1929 1107 1994 Diurnalium
1139 1928 1464 2011 Augustae
1519 1930 1844 1994 Historiae
1893 1931 2098 1994 libros
2143 1918 2516 1995 xie-xm.

319 2026 678 2095 Annalium
700 2033 952 2099 scilicet
972 2034 1177 2097 libros
1200 2052 1325 2099 sex
1343 2033 1746 2116 posteriores
1769 2038 1837 2096 et
1853 2031 2297 2097 Historiarum
2314 2031 2522 2095 libros

323 2131 635 2215 quinque,
667 2132 835 2215 ipsis
866 2133 1222 2217 deperditis
1245 2133 1620 2197 numeratis.
1713 2134 1852 2198 Sub
1884 2133 2082 2207 finem
2114 2133 2260 2198 cod.
2290 2131 2526 2197 eadem

318 2251 521 2296 manu
581 2235 930 2299 scribitur:
980 2240 999 2269 ‘
1033 2235 1115 2302 In
1170 2236 1545 2318 exemplari
1593 2241 1841 2301 tantum
1888 2242 2025 2300 est:
2074 2236 2133 2299 si
2185 2234 2524 2318 quispiam

320 2331 475 2397 hinc
505 2332 931 2418 descripserit
958 2356 1226 2412 novum,
1268 2337 1441 2400 sciat
1469 2356 1578 2400 me
1632 2344 1945 2425 quantum
1982 2338 2196 2421 reperi
2248 2334 2527 2401 fideliter

324 2434 413 2499 ab
442 2438 808 2520 exemplari
839 2437 1319 2519 descripsisse!
1375 2437 1746 2502 Membran.
1774 2439 1982 2503 illum.
2013 2437 2126 2501 fol.
2157 2446 2318 2502 saec.
2354 2453 2483 2501 xv,

417 2535 610 2603 1895.
656 2538 763 2603 De
793 2538 1098 2606 Moribus
1129 2538 1633 2620 Germanorum,
1683 2559 1836 2606 cum
1866 2538 2109 2605 Notis:
2156 2539 2283 2605 sub
2329 2536 2527 2603 finem

1318 2736 1533 2788 NOTAE

324 2846 432 2908 ille,
466 2859 566 2897 non
600 2847 762 2913 magia
799 2846 867 2897 ob
902 2847 1222 2911 iudustriam,
1242 2862 1391 2914 quam

328 2921 394 2971 ob
427 2922 765 2972 eruditionem
809 2923 1090 2987 mirandus,
1130 2922 1394 2974 Montfau·

328 3010 447 3059 con,
469 2996 520 3047 in
540 2998 866 3049 dedicatione
889 2999 952 3048 ad
979 2999 1305 3049 Cardinnlem
1324 2999 1389 3049 de

326 3075 538 3138 Fleury‚
576 3075 641 3123 de
678 3076 1007 3127 Bibliotheca
1038 3078 1207 3141 Regia
1243 3076 1388 3125 Pari·

325 3150 482 3200 sienni
505 3151 579 3199 sic
606 3151 863 3215 loquitur:
899 3153 915 3180 ‘
942 3151 1290 3213 Bibliotheca,
1317 3152 1392 3200 in-

332 3242 484 3293 quam
519 3229 607 3277 illa
642 3244 758 3292 quae
798 3243 924 3278 cura
961 3228 1391 3293 solicitudineque

329 3310 421 3354 tua
443 3311 523 3354 tot
544 3305 920 3354 accessionibus
952 3306 1273 3369 locupletata
1292 3312 1392 3366 est,

329 3388 389 3432 ut
407 3381 743 3432 Ptolemaicae
763 3390 817 3430 et
836 3381 1084 3431 Attalicae
1104 3382 1394 3431 memoriam

332 3458 542 3519 obruat,
584 3466 890 3522 ceterasque
923 3454 1056 3508 nrfflc
1093 3460 1146 3508 in
1184 3461 1397 3524 Europa

330 3534 643 3598 praecipuas,
667 3543 722 3582 et
754 3535 805 3582 in
844 3550 1056 3584 numero
1079 3546 1129 3583 et
1156 3545 1398 3600 praestan-

334 3612 408 3660 tia
430 3612 697 3673 librorum,
716 3613 1002 3674 praesertim
1026 3615 1397 3677 manuscripto-

332 3702 464 3751 rum,
500 3689 654 3750 longe
690 3698 831 3738 retro
866 3690 1158 3755 relinquat!
1226 3692 1396 3751 El,·si

332 3762 446 3813 fieri
470 3767 653 3828 possit,
676 3766 727 3813 in
753 3765 1061 3826 praelatione
1086 3774 1137 3815 et
1162 3780 1401 3828 prospec-

332 3840 391 3886 tu
432 3840 622 3902 operis,
657 3840 906 3902 ampliora
943 3848 999 3889 et
1038 3841 1311 3904 grandiora
1334 3841 1399 3889 de

333 3912 425 3965 illa
448 3915 759 3965 bibliotheca
787 3917 1057 3979 praedicat.

401 3991 589 4045 Obiter
623 3995 702 4042 hic
741 4002 992 4053 notamus,
1032 3996 1166 4058 quod
1206 3996 1401 4058 Ruper-

336 4069 441 4117 tius
466 4068 694 4131 loquitur
717 4070 780 4116 de
818 4069 1016 4118 duobus
1051 4069 1205 4118 codd.
1237 4071 1401 4121 Paris.

339 4146 468 4207 Reg.
512 4144 761 4207 (Prooem.
809 4145 858 4192 in
903 4146 1156 4207 Tacitum,
1201 4162 1248 4208 p.
1294 4147 1402 4209 25.)

342 4234 375 4279 a
395 4220 657 4269 Brotierio
679 4222 926 4283 inspectis
948 4240 963 4282 ;
999 4222 1041 4269 si
1068 4230 1228 4281 recte,
1251 4237 1404 4272 unum

337 4296 504 4359 liquet
534 4296 586 4343 iu
623 4295 937 4347 bibliotheca
959 4299 1248 4361 depositum
1271 4313 1407 4360 esse,

1471 2862 1631 2913 opere
1654 2846 2140 2913 Montfauconijnm
2163 2849 2328 2899 finito.
2385 2850 2535 2901 Com·

1469 2932 1726 2976 memorat
1745 2927 1881 2975 enim
1915 2941 2072 2975 uuum
2094 2933 2294 2975 tautum
2317 2924 2538 2987 Regium

1471 3001 1552 3047 vir
1590 2999 1791 3049 doctus.
1856 3000 1974 3048 Vid.
2015 3000 2260 3049 Biblioth.
2287 2999 2534 3048 Bibliotb.

1470 3076 1621 3125 Tom.
1639 3090 1703 3126 n.
1722 3093 1775 3141 p.
1794 3080 1908 3128 ¹16⁰.
1959 3076 2030 3126 At
2047 3092 2148 3126 non
2175 3084 2316 3126 recte
2342 3077 2539 3139 Ruper-

1472 3153 1573 3202 tius
1592 3153 1669 3217 (iu
1681 3153 1894 3205 Praefat.
1912 3153 1962 3203 in
1981 3169 2140 3218 opera
2159 3153 2342 3214 Taciti,
2359 3168 2411 3216 p.
2429 3151 2539 3217 22.)

1472 3242 1569 3279 nec
1585 3228 1790 3293 quidem
1805 3229 2093 3292 Ernesfim,
2108 3231 2236 3278 duos
2252 3228 2373 3279 Par.
2386 3228 2539 3278 codd.

1473 3301 1596 3351 dum
1646 3308 1815 3363 notat,
1858 3303 2067 3353 eosdem
2129 3305 2314 3363 Regios
2355 3310 2537 3355 vocat:

1477 3379 1633 3429 immo
1669 3380 1733 3428 ad
1771 3379 2082 3429 Brotierium
2122 3394 2427 3442 provocans,
2460 3380 2539 3430 hin

1477 3458 1648 3507 verbis
1663 3458 1861 3508 utitur:
1897 3460 1913 3487 ‘
1935 3459 2029 3507 Est
2046 3467 2101 3508 et
2118 3459 2384 3515 Parisinus
2400 3458 2543 3521 αὶίυ,

1475 3534 1714 3597 (Regium
1743 3534 1852 3595 jam
1885 3542 2004 3582 ante
2026 3533 2542 3599 commemoraverat)

1480 3609 1626 3673 isque
1668 3610 1719 3657 in
1756 3610 2049 3658 membrana
2072 3613 2338 3671 eleganter
2359 3611 2449 3660 sed
2473 3611 2544 3660 vi-

1480 3685 1612 3735 tiose
1658 3687 1902 3748 scriptus,
1949 3687 2289 3737 Bibliotheca·
2326 3701 2542 3751 congre-

1480 3763 1702 3825 gationis
1724 3762 1945 3811 antehac
1981 3766 2214 3823 oratorii,
2250 3764 2334 3812 cui
2369 3764 2542 3813 illatus

1480 3838 1652 3887 fuerat
1676 3854 1721 3888 a.
1749 3839 1909 3887 1667?
1973 3840 2075 3887 Hic
2100 3841 2210 3902 ipse
2234 3853 2354 3888 vero
2375 3840 2543 3893 codex

1458 3930 1581 3973 ¹nou
1608 3915 1964 3965 denominatur
1983 3916 2186 3976 Regius.
2264 3916 2427 3964 Recte
2452 3914 2545 3978 igi·

1480 3998 1568 4039 tur
1602 3990 1958 4052 Momfaucon‚
1981 4002 2038 4040 ut
2065 3992 2284 4051 videtur,
2306 4006 2396 4038 suo
2423 3998 2551 4039 tem·

1481 4083 1606 4133 porc
1630 4077 1994 4117 commemorat
2030 4084 2185 4118 unum
2225 4078 2422 4116 tautum
2447 4067 2549 4117 Re-

1482 4148 1640 4210 gium,
1684 4154 1735 4195 et
1776 4162 1878 4197 non
1901 4156 2045 4197 recte
2077 4148 2359 4211 Rupertius
2397 4145 2544 4210 duos,

1482 4223 1667 4275 saltem
1691 4223 1886 4285 Regios.

474 4382 648 4448 Daph.
680 4389 727 4433 ee
756 4385 869 4436 Var.
907 4388 1035 4435 Cla-r.
1364 4387 1514 4437 Tacit.
2296 4391 2357 4436 1³
2390 4385 2418 4436 1
