3050 4867
456 357 641 428 4002.

455 516 553 578 sic,
581 515 717 565 illam
736 514 889 566 aciens
910 513 1023 574 fore
1042 513 1288 565 servitutis
1306 514 1517 567 initiam.

456 593 579 644 Nec
633 592 904 654 eleganter
954 589 1047 653 ita,
1094 591 1229 639 illum
1279 591 1404 640 diem
1446 591 1521 640 vel

456 666 607 719 eciem
638 667 750 728 fere
792 666 984 715 initium
1022 666 1341 730 reciperando
1380 667 1521 715 liber-

457 744 593 793 tatis.
663 744 817 796 Quod
841 743 884 792 si
909 743 1102 806 deleas,
1122 757 1187 793 ex
1210 744 1346 792 omni
1371 750 1519 807 parte

459 818 627 871 oratio
671 819 981 868 examussim
1019 818 1116 867 sibi
1143 818 1384 883 quadrat.
1448 819 1522 868 Et

459 902 634 947 umen
654 894 846 943 diversi
870 895 1189 944 locutionum
1221 894 1359 943 modi
1381 901 1520 957 sunt,

381 1031 386 1040 Ι
449 971 561 1033 sore
580 970 861 1033 reeipiendoe
881 969 1138 1033 libertatis,
1173 977 1230 1020 et
1252 969 1366 1029 sore
1383 975 1521 1019 ‹eter-

458 1063 535 1098 ¹·ae
572 1045 837 1098 servitutis.
902 1045 1001 1096 Ille
1024 1046 1281 1109 vulgatior
1318 1051 1375 1096 et
1411 1046 1522 1095 aliis

462 1124 621 1174 etiam
652 1120 927 1187 frequens:
963 1123 1047 1172 llic
1073 1122 1162 1172 nni
1181 1121 1389 1184 Tacito,
1424 1121 1521 1171 nisi

463 1201 636 1262 fallor,
658 1208 949 1264 usurpatus,
970 1207 1024 1249 et
1048 1200 1120 1249 illi
1144 1200 1246 1263 ipsi
1267 1205 1520 1250 rarenter.

462 1278 770 1342 Exemplum
806 1290 962 1325 unum
996 1289 1133 1325 nunc
1168 1275 1395 1325 occurrit
1419 1274 1524 1324 An·

462 1358 567 1408 nal.
586 1370 671 1407 ιιι.
714 1358 732 1386 ‘
769 1357 1009 1406 Proeerat
1042 1355 1260 1404 castello
1304 1354 1522 1404 Decrius

463 1433 687 1498 impiger
744 1448 944 1496 manus,
1015 1431 1278 1481 exercitus
1323 1430 1525 1493 militis,

465 1517 523 1561 et
572 1510 715 1559 illam
750 1510 1067 1560 obsidionem
1120 1508 1307 1572 flagitii
1344 1508 1521 1559 ratus!

465 1586 621 1640 Quod
643 1585 811 1652 ipsum
834 1601 934 1635 non
954 1587 1272 1651 peregrinius
1293 1586 1357 1636 ad
1375 1601 1525 1635 aures

464 1669 671 1712 nostras
717 1661 956 1712 accidere
994 1661 1175 1723 (lebet,
1211 1677 1365 1726 quam
1400 1663 1526 1711 Sne·

466 1739 598 1788 tonii
619 1738 748 1788 illud
780 1737 998 1802 August.
1018 1742 1101 1787 43.
1135 1740 1150 1766 ‘
1178 1737 1353 1786 Prisci
1372 1737 1528 1787 deco·

466 1814 612 1879 rique
635 1816 790 1865 moris
825 1815 1140 1877 existimans,
1172 1816 1324 1863 clarae
1348 1814 1526 1878 stirpis

465 1889 716 1954 originem
756 1890 831 1940 sic
872 1891 1195 1940 innotescere
1213 1888 1246 1938 ι’
1281 1896 1338 1938 et
1368 1891 1529 1938 multa

466 1965 672 2030 similia,
693 1967 834 2030 vulgi
857 1967 1012 2016 etiam
1039 1979 1134 2013 usu
1158 1965 1301 2014 trita.
1351 1964 1529 2016 Tacit.

466 2043 657 2093 iterum
678 2044 731 2092 in
754 2044 935 2093 Germ.
969 2043 985 2069 ‘
1010 2041 1212 2091 Cedere
1251 2039 1527 2090 dummodo

468 2133 644 2168 rursus
678 2119 857 2181 insteS,
888 2117 1090 2168 consilii
1116 2131 1267 2182 quam
1296 2115 1528 2167 formidi-

466 2195 546 2246 nis
568 2195 919 2245 arbitrantur!
945 2195 1205 2245 Acidaliae.

539 2269 688 2320 Vareni
710 2286 740 2320 a
761 2272 999 2320 securibus
1019 2277 1067 2321 et
1088 2270 1305 2335 tributis]
1347 2270 1411 2320 Id
1431 2277 1528 2330 est,

470 2364 502 2399 a
522 2348 774 2398 servitute
799 2350 1160 2398 Romanorum.
1215 2349 1353 2399 Nam
1377 2347 1531 2398 fasci-

468 2425 582 2490 bus,
603 2426 787 2491 quibus
827 2425 1054 2488 alligatae
1091 2439 1298 2474 secures
1336 2431 1531 2489 essent,

467 2503 548 2552 nti
605 2502 842 2553 solebant
895 2502 1238 2566 Magistratus
1292 2495 1528 2551 Ronianb

535 2654 668 2705 Cu.
690 2658 771 2703 85.
799 2654 981 2703 Cuncta
999 2653 1179 2702 virtute
1197 2650 1533 2714 expugnabilia

469 2729 740 2793 clamitare]
826 2730 1061 2791 Mallem,
1125 2727 1314 2778 circuti.
1382 2727 1529 2777 Idem

469 2805 581 2857 fere
605 2806 658 2854 in
679 2805 788 2854 vita
812 2804 987 2867 Agric.
1023 2805 1039 2832 ‘
1074 2802 1196 2852 nihil
1218 2801 1401 2853 virtuti
1422 2816 1531 2852 suo

468 2881 697 2932 invium:
727 2881 954 2930 Pie-hena.

537 2958 780 3008 Decedere
817 2956 1007 3006 barbari
1043 2958 1098 3006 in
1116 2955 1241 3017 juga
1277 2956 1528 3019 mentium]

471 3034 678 3098 Malim,
717 3035 948 3085 recedere.
1029 3032 1147 3083 Hoc
1190 3033 1326 3081 enim
1370 3033 1532 3096 magis

470 3110 796 3177 adsignificet
842 3109 1290 3160 retrocessionem.
1353 3108 1531 3158 Acida-

469 3188 580 3239 lius.
1452 3221 1458 3225 -

536 3266 671 3316 CAP-
694 3267 777 3313 86.
830 3264 1002 3312 Castra
1048 3260 1292 3324 praejaeet]
1358 3260 1529 3309 Vatic.

470 3341 656 3392 eastris.
689 3340 761 3389 Et
781 3338 958 3388 statim
980 3339 1097 3401 lego
1122 3336 1273 3398 regiis
1287 3336 1532 3386 clientelis.

472 3414 704 3478 Lipsius.

538 3493 673 3542 CAP.
697 3494 780 3540 37.
828 3489 1056 3538 Pluribus
1086 3486 1308 3549 gentibus
1343 3487 1535 3550 imperi-

472 3566 677 3629 tantem]
742 3567 830 3616 Ita
845 3566 985 3615 Flor.
1003 3566 1194 3630 Vulgo,
1211 3564 1535 3628 imperantem.

472 3644 722 3694 Pichena.

539 3721 670 3770 Nam
688 3720 732 3769 si
751 3734 829 3770 vos
848 3718 1059 3769 omnibus
1077 3718 1354 3784 imper-itare
1376 3718 1539 3781 cultis,

470 3796 707 3862 sequitur]
772 3797 1004 3847 Acumen
1050 3798 1228 3846 horum
1264 3810 1365 3844 non
1407 3795 1536 3844 satis

471 3882 783 3940 perceptum
852 3873 1200 3923 correctiones
1278 3872 1537 3922 invitavit.

471 3950 738 4016 Agricola,
772 3951 882 4001 Non
918 3949 963 3999 si
1001 3965 1079 3999 ros
1118 3948 1341 4000 omnibus.
1408 3950 1536 3999 Eru-

473 4027 756 4078 ditissimus
798 4027 895 4090 vir,
938 4019 1053 4076 niem
1093 4026 1138 4075 si
1185 4042 1265 4075 vos
1310 4025 1536 4075 omnibus.

472 4103 636 4169 Atqui
682 4117 803 4153 usus
848 4119 947 4152 non
987 4109 1121 4166 erat,
1160 4102 1353 4167 quippe
1398 4101 1536 4167 quod

473 4183 588 4236 baec
610 4183 862 4234 rationem
892 4182 1134 4246 reddant,
1168 4196 1261 4231 cur
1292 4180 1536 4230 beu-ndo

475 4273 532 4308 se
553 4273 747 4325 suaque
768 4257 1089 4310 defenderit.
1159 4256 1399 4308 Britanni
1419 4271 1536 4323 per-

1151 372 1367 422 NOTAE
1413 369 1818 422 vAmoRUM
1876 369 1977 420 m·

1595 525 1797 563 sussum
1820 513 2082 564 habebant
2103 515 2360 565 Romanos
2381 527 2473 581 spe
2498 513 2658 566 dero·

1595 604 1735 640 rasse
1754 590 2023 654 imperium
2045 590 2206 641 totius
2229 591 2386 654 orbis,
2406 599 2461 641 et
2478 605 2654 641 omnes

1596 665 1720 716 data
1772 666 2042 717 occasione
2092 667 2280 716 sensim
2333 667 2658 719 subacturos.

1595 741 1726 792 Tac.
1747 742 1799 792 in
1824 744 2002 807 Agric.
2037 745 2053 772 ⁶
2079 745 2338 808 Raptores
2361 744 2502 794 orbis
2517 749 2658 808 post—

1598 833 1750 884 quam
1803 827 1992 870 cuncta
2054 820 2371 870 vastantibus
2438 819 2660 871 defuere

1599 902 1771 958 terra»,
1808 903 1863 946 et
1886 911 2029 946 mare
2051 905 2368 947 scrutantur.
2422 897 2479 946 Si
2515 897 2662 946 locu-

1598 973 1712 1035 ples
1732 973 1893 1022 hostis
1924 981 2020 1035 est,
2052 974 2214 1034 avari,
2239 973 2280 1021 si
2311 986 2526 1036 pauper,
2550 987 2662 1021 am-

1598 1046 1932 1112 bitiosi,quos
1965 1063 2068 1097 non
2112 1048 2320 1107 Oriens,
2363 1063 2464 1097 non
2504 1049 2666 1097 Occi-

1600 1123 1726 1173 dens
1750 1125 2052 1175 satiaverit!
2109 1126 2247 1176 Hinc
2268 1139 2390 1188 ergo
2412 1127 2666 1175 Caractaar

1599 1214 1689 1249 cus
1744 1209 1961 1250 excusat
2003 1201 2229 1251 bellandi
2275 1202 2663 1262 necessitatem,

1599 1277 1808 1342 aitque:
1847 1278 2048 1327 Invitus
2084 1292 2165 1327 res
2198 1292 2338 1327 meas
2359 1276 2523 1338 amisi,
2560 1277 2664 1327 sci-⁴

1600 1354 1728 1403 licet
1763 1354 1899 1404 liber
1931 1369 2028 1418 ego
2058 1369 2153 1417 pro
2176 1353 2238 1402 iis
2264 1353 2527 1403 servandis
2549 1352 2661 1402 bel·

1600 1431 1706 1479 lum
1745 1432 1988 1481 adversus
2025 1446 2112 1481 vos
2144 1431 2309 1493 gessi:
2347 1445 2461 1480 nam
2485 1444 2575 1479 vos
2603 1430 2662 1480 in

1600 1521 1777 1556 omnes
1806 1509 2032 1570 regimen
2058 1509 2230 1572 vultis,
2266 1506 2402 1557 unde
2427 1506 2668 1556 omnibus

1600 1584 1876 1635 manifesta
1932 1586 2155 1636 servitus
2218 1585 2503 1649 impendet.
2586 1581 2664 1633 At

1600 1662 1794 1728 (inquit
1832 1664 1912 1712 vir
1949 1661 2350 1728 eruditissimus)
2371 1660 2664 1712 necessario

1602 1756 1703 1790 nou
1726 1744 1990 1807 sequitur:
2027 1741 2247 1791 Romani
2268 1741 2468 1803 volunt,
2485 1751 2668 1789 omnen

1603 1819 1739 1868 servi
1762 1817 1913 1868 fiunt.
1980 1818 2182 1868 Callide
2215 1817 2531 1867 Caractacus
2556 1815 2664 1880 (re-

1602 1892 1858 1957 spondeo)
1898 1901 2054 1957 angct
2093 1894 2443 1943 Romanorum
2482 1898 2664 1956 poten-

1605 1969 1756 2019 tiam:
1791 1984 1909 2018 nam
1943 1968 2166 2020 dicendo
2199 1983 2288 2018 eos
2322 1980 2666 2033 quoecumque

1604 2045 1802 2094 vellent
1847 2060 2014 2109 posse,
2055 2052 2273 2094 excusat
2317 2044 2506 2093 bellum
2550 2050 2666 2092 tan·-

1603 2135 1753 2185 quum
1795 2127 1996 2184 gestum
2036 2136 2130 2185 pro
2161 2120 2374 2169 vitanda
2409 2120 2668 2181 urgentis·

1603 2196 1734 2245 sima
1775 2197 2045 2246 servitute.
2110 2194 2393 2244 Saliares-ins.
2459 2194 2672 2257 Lipsius.

1606 2273 1679 2323 ait
1699 2271 1826 2322 falso
1849 2279 1903 2321 et
1924 2273 2101 2336 inepte
2121 2271 2218 2320 hoc
2242 2270 2363 2332 dici,
2401 2284 2515 2319 cum
2540 2283 2666 2319 con·-

1604 2363 1823 2414 sequens
1853 2361 1954 2399 non
1977 2348 2062 2411 sit,
2090 2356 2150 2397 ut
2171 2348 2260 2412 qui
2285 2347 2429 2409 velit,
2451 2347 2503 2396 ld
2525 2345 2663 2410 quod

1605 2425 1752 2487 velit,
1775 2426 1971 2489 possit:
2010 2438 2136 2488 ergo
2159 2423 2420 2484 emendat,
2455 2424 2586 2482 Nam
2620 2422 2665 2470 si

1602 2517 1685 2550 vos
1710 2499 1953 2552 omnibus?
1985 2508 2109 2551 nota
2136 2500 2553 2562 interrogationis
2576 2497 2666 2546 ad·

1592 2577 1760 2640 jecta.
1829 2577 1962 2626 Mihi
2009 2578 2221 2640 vulgata
2260 2577 2415 2626 lectio
2455 2575 2666 2625 minime

1605 2654 1868 2717 probatur.
1905 2655 2039 2703 Nam
2054 2654 2209 2704 etiam
2234 2653 2278 2703 si
2300 2653 2459 2702 verba
2479 2653 2667 2702 Carac-

1606 2729 1731 2790 taci‚
1776 2730 2094 2792 libertatem,
2134 2744 2196 2779 ac
2251 2730 2459 2779 minime
2513 2728 2670 2791 dege-

1606 2819 1780 2855 nerem
1805 2806 2029 2854 animum
2048 2821 2156 2869 prae
2178 2820 2234 2855 se
2251 2805 2456 2864 ferant3
2491 2810 2668 2852 tamen

1606 2871 1821 2945 aspersa'
1838 2882 1992 2932 etiam
2030 2888 2152 2931 sunt
2188 2882 2408 2945 plurima
2439 2880 2493 2928 in
2515 2879 2668 2929 (liau-

1607 2958 1747 3006 dinm
1792 2959 2152 3022 Romanosque
2215 2957 2525 3006 adulatione.
2594 2955 2672 3004 Et

1606 3041 1940 3099 posteaquam
1977 3034 2287 3084 sententiam
2329 3048 2468 3082 suam
2498 3034 2670 3097 jacta·

1608 3111 1700 3172 vit,
1739 3110 1990 3175 sequitur,
2030 3125 2084 3159 se
2118 3125 2244 3174 opes
2276 3110 2401 3174 (etsi
2425 3105 2667 3171 invitum)

1605 3186 1850 3249 amisisse,
1893 3186 2015 3251 qnia
2049 3186 2253 3235 illorum
2287 3184 2480 3234 viribus
2516 3183 2668 3233 resis-

1609 3270 1720 3313 tere
1759 3263 2065 3327 nequiverit,
2100 3277 2216 3311 cum
2255 3261 2394 3310 enim
2429 3259 2670 3323 Romani,

1607 3339 1798 3388 ceteris
1821 3339 2158 3403 potentiores,
2201 3338 2325 3387 alias
2365 3337 2550 3400 opibus
2573 3337 2668 3386 im-

1609 3429 1761 3479 pares
1784 3414 2046 3464 debellare
2070 3415 2252 3475 velint,
2271 3425 2586 3477 consequens
2610 3417 2670 3460 nt

1609 3490 1843 3541 omnibus
1877 3491 1947 3540 sit
1979 3491 2204 3541 servitus
2246 3490 2530 3541 subeunda.
2580 3489 2672 3538 Pi·

1608 3566 1770 3616 ehena.
1826 3566 1997 3616 Recte
2041 3567 2240 3631 Lipsius
2276 3568 2375 3616 hoe
2405 3567 2576 3631 arguit
2613 3573 2673 3616 et.

1611 3643 1838 3694 datnnat.
1907 3644 2055 3693 Idem
2093 3645 2224 3694 bene
2267 3643 2501 3707 corrigit,
2537 3642 2684 3692 Num<

1610 3720 1672 3770 si.
1726 3721 1890 3784 AEque
1916 3720 2048 3769 bene
2090 3728 2146 3770 et
2187 3720 2323 3770 forte
2347 3721 2674 3770 melius'Mu·

1614 3804 1775 3860 retus,
1820 3799 1929 3846 Non
1950 3798 2008 3845 si.
2043 3795 2326 3846 Acidalius.
2625 3803 2626 3808 ’

1680 3874 1750 3923 Et
1779 3873 2059 3936 supplicium
2082 3874 2172 3921 mei
2192 3872 2360 3920 oblivio
2378 3871 2674 3935 nequer-etur]

1613 3951 1815 4011 Malim,
1835 3955 2066 4013 sequetur.
2121 3950 2425 3999 Rhenanus.
2481 3947 2675 3997 'Viden⁴

1614 4027 1738 4078 dnm
1775 4042 1840 4076 an
1871 4027 1974 4090 legi
2022 4026 2229 4086 debeat,
2260 4030 2498 4088 sequetur.
2527 4024 2676 4075 Ursi-

1614 4117 1726 4153 nus.
1763 4101 2151 4152 Eruditissimus
2194 4103 2275 4151 vir
2315 4107 2434 4165 post
2471 4102 2676 4151 Rhena-

1615 4196 1737 4230 num
1770 4179 2097 4231 scribendum
2127 4185 2280 4243 putat
2313 4178 2481 4228 oblivio
2514 4192 2676 4241 seque·

1610 4262 1709 4307 tur.
1777 4256 1849 4306 Et
1890 4256 1988 4305 hac
2027 4254 2395 4307 distinctione:
2429 4260 2478 4305 et
2497 4253 2676 4318 snppli-
