3050 4867
910 401 1053 451 mn.
1099 399 1150 448 ι.
1194 398 1359 449 oar.
1401 381 1469 448 2.

384 557 491 596 non
511 547 608 594 est.
667 542 803 595 Anu.
825 556 943 595 xxv.
975 544 993 573 ⁶
1016 545 1217 608 Erepto
1245 558 1340 608 per
1357 557 1446 593 ve-

373 636 576 671 ·nennm
595 625 764 684 patre,
786 626 841 671 et
854 621 1030 671 statim
1051 628 1236 686 postea
1249 619 1448 671 fratre!

384 697 718 747 Britannicus
740 697 876 746 enim
898 712 1033 746 anno
1056 704 1173 761 post
1196 695 1446 746 veneficio

386 773 617 824 sublatus
636 782 733 823 est.
799 773 856 822 Si
878 775 990 823 haec
1013 789 1128 824 mea
1147 773 1314 823 minus
1337 774 1446 836 pla·

375 857 531 914 cent,
550 866 644 900 sna
664 850 877 915 quisque
908 849 1174 914 proferat:
1209 864 1323 915 qua:
1346 863 1446 912 ego

385 937 490 975 non
546 928 712 989 potui,
763 925 891 975 alins
936 923 1139 990 assequi
1192 924 1447 988 nequeat?

386 1002 618 1054 Doctiss.
656 1004 737 1051 vir
773 1004 851 1051 his
893 1016 1072 1051 manns
1118 1000 1364 1059 admovit,
1397 1005 1445 1048 et

385 1080 548 1129 statim
568 1079 754 1128 emisam
802 1079 987 1127 Coortoe
1004 1077 1346 1135 θωπεύει-κω,
1364 1078 1443 1137 &a

381 1160 442 1205 at
480 1155 522 1204 is
553 1155 862 1204 mendacem
921 1154 1155 1204 Tacitum
1199 1149 1348 1211 facit,
1389 1158 1446 1200 et

385 1230 618 1281 historie
657 1230 811 1279 tidem
847 1230 1123 1283 convellit:
1166 1243 1283 1278 nam
1324 1228 1448 1278 Cor-

375 1307 556 1358 nelina
575 1307 675 1357 sibi
717 1308 962 1357 terminos
996 1306 1226 1357 historia:
1259 1305 1445 1368 finivit,

381 1398 505 1449 cap.
529 1390 576 1435 1.
643 1386 775 1436 Mihi
799 1386 977 1448 Galba,
997 1390 1079 1450 ξι.
1146 1386 1262 1437 Quo
1292 1390 1447 1449 pacto

387 1460 548 1522 igitur
568 1460 666 1512 sibi
708 1467 994 1523 constaret,
1013 1461 1056 1509 si
1087 1461 1136 1510 ei
1175 1459 1334 1509 verba
1364 1459 1446 1510 hic

390 1543 564 1591 essent
584 1536 650 1586 de
684 1538 972 1587 Britannia:
1006 1536 1295 1597 amissione,
1331 1550 1444 1601 qnae

377 1611 509 1673 ‚vivo
532 1612 831 1663 Domitiano
846 1627 947 1662 non
970 1612 1199 1662 accidit?
1231 1612 1447 1661 historia

392 1702 516 1739 vero
555 1688 720 1755 (quod
764 1688 947 1753 sciam)
989 1689 1117 1738 nihil
1165 1689 1231 1739 de
1271 1703 1334 1737 ea
1388 1701 1443 1736 re

389 1779 553 1830 usque
593 1765 660 1815 ad
699 1766 1052 1816 Hadrianum:
1086 1780 1183 1816 nec
1224 1772 1348 1815 tunc
1377 1763 1446 1830 (si

391 1855 492 1915 non
515 1842 700 1907 ignave
719 1858 825 1892 rem
849 1841 1137 1907 examines)
1158 1841 1229 1891 ibi
1252 1840 1447 1905 aliquid

391 1918 658 1971 amissum:
696 1920 889 1968 etenim
919 1918 1192 1968 Britannia
1221 1932 1320 1967 non
1342 1931 1448 1967 om·

392 1993 472 2045 nis
506 2009 539 2043 a
575 1996 814 2045 Romanis
862 1995 1128 2060 provincia
1169 1993 1310 2045 facta
1346 1991 1449 2044 fnit

391 2085 490 2123 nec
543 2073 726 2125 ultimo
794 2073 883 2122 illo
937 2071 1194 2137 Agricolae
1249 2071 1446 2136 proelio.

390 2146 408 2175 ⁴
432 2147 743 2199 Tradiderat
797 2148 1004 2199 interim
1039 2148 1284 2212 Agricola
1338 2163 1452 2198 suc-

392 2222 580 2275 cessori
624 2240 716 2277 suo
755 2225 1068 2289 provinciam
1105 2225 1331 2290 quietam
1370 2230 1452 2274 tu-

394 2302 604 2365 tamque
624 2300 657 2361 ;'
693 2315 725 2350 a
762 2302 981 2366 quibus?
1013 2317 1044 2351 a
1075 2301 1281 2366 reliquis
1305 2301 1451 2351 nimi-

394 2390 508 2427 rum
530 2377 815 2441 Britannis,
832 2377 918 2443 qui
944 2392 1007 2428 ea
1028 2377 1296 2443 perterriti
1318 2376 1451 2427 occi·

381 2452 566 2515 dione,
586 2452 708 2502 satis
746 2453 1025 2516 habebant,
1061 2454 1104 2502 si
1139 2468 1172 2502 a
1210 2452 1449 2502 Romanis

379 2544 494 2580 .non
532 2532 936 2580 lacesserentur:
974 2544 1074 2581 nec
1112 2529 1255 2593 prius
1288 2528 1451 2578 rebel-

395 2606 505 2657 lare
526 2612 644 2656 sunt
667 2607 797 2668 ausi,
828 2621 984 2671 quam
1013 2605 1237 2669 undique
1269 2611 1451 2667 gentes

394 2681 754 2746 conspirarent
816 2680 1060 2735 adversus
1113 2680 1450 2731 Hadrianum.

392 2756 567 2822 Spart.
606 2758 658 2807 in
697 2757 863 2811 Hadr.
885 2758 900 2786 ⁸
925 2758 1058 2807 Nam
1090 2754 1452 2805 deficientibus

390 2832 707 2893 nationibus,
725 2846 851 2896 quas
872 2833 1119 2897 Trajanns
1158 2833 1453 2894 subegerat,

379 2909 567 2967 ¹Mauri
600 2908 942 2969 lacessebant,
976 2908 1452 2959 Sarmatae-bellum

385 2982 699 3047 inferebant,
734 2985 972 3034 Britanni
1013 2985 1180 3035 teneri
1217 2983 1313 3033 sub
1359 2984 1457 3033 Ro·

385 3075 548 3117 ,mana
583 3060 781 3111 ditione
825 3074 927 3110 nou
965 3060 1245 3124 poterant!
1311 3061 1383 3110 Et
1413 3058 1455 3109 is

389 3151 539 3187 muro
594 3137 756 3187 solum
811 3136 985 3187 divisit
1031 3137 1370 3202 provinciales
1422 3150 1456 3184 a

393 3212 638 3264 Barbaria
662 3212 938 3263 Britannis.
971 3213 1248 3263 Satiaerias.
1285 3213 1454 3262 Recte

382 3289 604 3341 omnino
658 3289 860 3352 Lipsius
905 3288 1135 3352 pridem:
1203 3293 1251 3337 et
1290 3287 1456 3336 statim

381 3366 596 3426 ,emisset
630 3369 801 3415 morta
822 3364 1168 3424 Sunnatwnm
1189 3365 1272 3424 ξε.
1320 3362 1455 3414 Quia

397 3450 567 3494 tamen
591 3443 646 3492 in
672 3443 876 3504 vulgata
896 3439 1121 3490 lectione
1146 3438 1303 3488 etiam
1327 3452 1453 3501 prte-

394 3516 588 3584 positio
629 3518 700 3579 ia,
738 3531 853 3581 qnae
897 3529 928 3563 a
970 3515 1144 3578 Lipsio
1183 3513 1454 3576 neglecta:

396 3593 549 3643 valde
595 3593 756 3642 libeat
799 3605 915 3640 cum
973 3590 1183 3639 Mureto
1243 3587 1454 3650 addere,

395 3673 567 3720 coorta
602 3669 652 3716 in
674 3681 756 3717 nos
775 3666 1101 3715 Sumatur-rm:
1121 3680 1176 3714 ac
1197 3663 1456 3714 &aevorum

394 3749 575 3808 gentes.
631 3742 915 3792 Acidalins.
990 3742 1155 3790 Recte
1197 3741 1381 3804 opinor
1423 3753 1455 3787 a

397 3820 578 3884 Lipsio
598 3816 943 3869 emendatum.
1011 3816 1110 3865 Sed
1135 3816 1308 3878 arguit
1328 3813 1454 3864 Sali-

395 3894 588 3957 nerius,
609 3895 846 3943 Tacitum
881 3892 980 3941 sibi
1019 3892 1263 3941 terminos
1295 3892 1454 3943 histo-

394 3971 488 4021 ria:
530 3968 814 4021 scribendae
872 3967 1134 4029 statuisse,
1180 3982 1341 4031 usque
1387 3967 1454 4016 ad

394 4046 680 4098 Domitianl
737 4055 1001 4108 tempora:
1065 4053 1121 4093 at
1187 4043 1456 4092 Britannia

396 4122 583 4173 amissa
632 4119 752 4187 fuit,
810 4120 1074 4170 Hadriano
1137 4121 1452 4183 imperante:

397 4212 523 4264 ergo
555 4198 693 4249 illius
723 4198 924 4247 amissio
953 4198 1227 4261 complecti
1243 4195 1457 4265 bachis-

398 4274 534 4331 tort·
553 4288 656 4327 non
678 4279 869 4342 potest.
902 4272 1056 4337 Nego
1076 4271 1299 4337 primum
1324 4270 1456 4323 adeo

2402 383 2580 452 4125

1521 548 1720 593 certum
1742 557 1772 592 a
1792 544 1975 593 Tacito
1995 542 2267 594 terminum
2285 543 2382 593 sibi
2406 542 2577 607 praefl-

1521 620 1704 675 nitum‚
1719 623 1777 667 ut
1799 618 1955 667 etiam
1977 619 2192 667 ulterius
2214 618 2455 682 progredi
2474 632 2581 669 non

1521 694 1799 757 cogitaret,
1821 696 1862 742 si
1886 695 1991 743 vita
2008 702 2310 758 suppeteret
2331 712 2344 742 ι
2383 709 2503 745 uam
2520 700 2581 745 ut

1523 771 1676 834 panio
1701 784 1858 833 snpra
1890 770 2043 828 dixit,
2076 769 2344 833 imperium
2391 770 2580 823 Nerva:

1521 852 1578 893 et
1614 845 1824 908 Trajani
1867 859 1975 893 sua:
2023 846 2279 895 senectuti
2332 847 2580 909 seposuit.

1522 921 1747 984 Deinde,
1763 936 1879 972 curn
1902 922 2194 985 praecipuas
2217 923 2359 971 Rom.
2378 922 2581 987 imperii

1518 997 1842 1046 calamitates
1878 998 2020 1046 velut
2054 999 2351 1060 procamium
2387 996 2579 1051 futura

1521 1073 1750 1123 historiae
1774 1082 2049 1137 proponat,
2072 1089 2170 1123 non
2203 1082 2317 1123 erat
2352 1077 2492 1125 locus
2509 1075 2579 1125 de

1522 1151 1793 1201 Britannia
1814 1151 2100 1214 perdomita
2123 1150 2345 1212 dicendi,
2378 1152 2475 1201 nisi
2508 1150 2582 1201 di·

1520 1238 1730 1277 ceretnr
1770 1228 1925 1277 etiarn
1965 1227 2031 1277 de
2075 1227 2277 1276 amissa.
2351 1229 2578 1280 ΡίεΙκιω.

1523 1303 1680 1352 Forte
1703 1317 1802 1352 non
1820 1301 2013 1352 frustra
2034 1312 2115 1353 est
2131 1303 2265 1368 qnod
2285 1304 2349 1352 de
2373 1303 2583 1357 Rhoxo-

1522 1380 1654 1428 lanis
1676 1380 1915 1433 inter-unt
1948 1386 2154 1430 veteres
2186 1381 2472 1441 editiones;
2505 1396 2581 1432 eo·

1520 1455 1655 1505 horte
1681 1455 2317 1508 leanuSarmntmm:
2352 1472 2415 1508 ea
2443 1459 2579 1511 enim

1523 1531 1808 1579 Sarmatica
1840 1546 1964 1592 gens
2001 1532 2246 1582 Romanis
2281 1533 2472 1583 bellum
2502 1532 2580 1584 fe·

1522 1606 1617 1667 cit,
1639 1607 1737 1655 hoc
1760 1606 1851 1655 lib.
1874 1620 1921 1655 c.
1942 1611 2025 1657 79.
2093 1607 2385 1658 ΡνοίιιεΙιεη.

1590 1682 1815 1731 Cladibus
1866 1683 2045 1731 autais
2094 1684 2280 1747 Dans]
2322 1686 2352 1715 ⁶
2391 1686 2576 1750 Tyrius

1522 1757 1814 1808 Maximus:
1846 1757 1987 1822 Ὄρος
2013 1758 2344 1810 Καταδόκαις
2362 1760 2441 1811 καὶ
2461 1763 2584 1828 θεὸς,

1520 1832 1600 1891 καὶ
1620 1831 1769 1897 ὅμως,
1783 1833 1862 1883 καὶ
1882 1835 2094 1898 ἄναψι-
2161 1836 2368 1901 &9⁸5⁰-

1587 1909 1720 1959 Γαῖα·
1743 1911 1948 1961 Neronis
1982 1912 2207 1977 ludibrio]
2240 1916 2348 1965 Dat
2370 1921 2424 1966 et
2446 1915 2582 1967 acci·

1522 1984 1604 2050 pit
1623 1986 1792 2036 lucem
1813 1987 2111 2052 Suetonius,
2132 1991 2183 2041 in
2218 1998 2451 2049 extremo
2474 1995 2581 2046 Ne-

1523 2074 1682 2112 rone:
1724 2064 1739 2091 ‘
1765 2064 2007 2128 Denique
2047 2081 2162 2116 cum
2195 2075 2314 2131 post
2355 2082 2452 2119 xx.
2491 2084 2581 2119 an·

1521 2152 1633 2202 nos,
1660 2138 1989 2192 adolescente
2021 2158 2123 2207 me,
2146 2145 2433 2196 exstitisset
2470 2147 2582 2212 qui·

1523 2213 1641 2264 dam
1663 2215 1974 2267 conditionis
2008 2219 2241 2282 incertae,
2261 2221 2349 2286 qui
2380 2237 2438 2271 se
2473 2223 2581 2273 Ne·

1525 2304 1701 2340 ronem
1731 2307 1845 2342 esse
1885 2292 2103 2356 diceret,
2153 2302 2257 2345 tam
2293 2295 2581 2348 favorabile

1521 2379 1709 2415 nomen
1754 2368 1868 2430 ejus
1913 2369 2049 2432 apud
2102 2369 2316 2419 Parthos
2361 2369 2480 2433 fuit,
2520 2380 2584 2423 ut

1525 2442 1858 2492 vehementer
1894 2443 2099 2508 adjutus
2134 2454 2190 2496 et
2223 2447 2309 2495 vix
2346 2447 2582 2498 redditus

1523 2519 1627 2571 sit!
1712 2522 1845 2571 Post
1883 2521 2065 2585 viginti
2109 2536 2285 2584 annos,
2328 2523 2513 2588 inquit.
2550 2520 2583 2572 a

1524 2603 1690 2646 morte
1728 2596 1983 2647 Neronis:
2016 2611 2167 2661 ‘ergo
2201 2599 2253 2648 in
2300 2612 2414 2651 ιη.
2458 2614 2582 2651 con·

1519 2674 1697 2723 sulatu
1740 2672 2030 2723 Domitiani
2071 2674 2155 2724 hic
2191 2681 2380 2727 motus.
2464 2675 2582 2741 Lip-

1518 2762 1637 2797 stas.

1591 2825 1796 2883 Homo
1816 2831 1901 2877 cat
1920 2827 2100 2879 obruta
2118 2828 2271 2881 arbes.
2315 2826 2584 2881 Foecttttdt's-

1522 2899 1671 2963 sima]
1712 2902 1899 2952 Verius
1923 2903 2235 2967 distinxeris,
2272 2905 2477 2955 Hm
2497 2909 2584 2955 aa:

1521 2975 1625 3025 abr.
1647 2976 2147 3038 arbeafoecandt'ariuna
2168 2980 2442 3044 Catapotia
2467 2996 2550 3031 ors
2566 2996 2584 3031 .·

1525 3054 1575 3099 et
1594 3050 1707 3098 urbs
1725 3050 1818 3100 itte.
1840 3058 2044 3101 munta.
2114 3054 2272 3104 idem.
2488 3102 2493 3107 .

1599 3126 1749 3175 Urbes
1767 3125 2121 3185 fecundissima
2165 3130 2437 3192 Campania
2471 3144 2584 3182 ora.

1535 3199 1679 3263 Urbs]
1712 3199 1796 3249 Ita
1815 3198 1926 3249 fere
1962 3202 2165 3266 Lipsius
2200 3205 2456 3269 distinxit,
2484 3207 2583 3255 his-

1529 3278 1687 3342 toriae,
1712 3277 1868 3326 tidem
1898 3287 2131 3328 secutus:
2167 3281 2271 3337 nisi
2294 3282 2429 3345 quod
2466 3282 2582 3346 ipse

1526 3355 1755 3418 scripsit,
1775 3353 2114 3413 secundissima
2159 3357 2432 3421 Campania·
2469 3374 2583 3409 ora:

1527 3441 1577 3485 et
1610 3434 1737 3483 urbs.
1805 3433 1879 3482 At
1923 3434 2044 3483 mihi
2074 3435 2245 3498 aptior
2281 3437 2389 3485 visa
2425 3437 2584 3497 lectio

1527 3525 1681 3575 quam
1704 3510 1925 3574 reposui,
1942 3509 2117 3560 deleta
2138 3513 2342 3575 copula,
2361 3518 2425 3573 et,
2447 3511 2584 3567 forte

1527 3596 1735 3651 sumpta
1770 3602 1837 3636 ex
1873 3587 2202 3635 antecedenti
2245 3589 2583 3654 diphthongo.

1527 3662 1718 3727 Inepte
1767 3669 1940 3723 antea,
1994 3661 2147 3712 arbes.
2238 3664 2587 3719 Pecus-aiacem

1531 3741 1802 3803 cmspaniae
1843 3753 1946 3803 ora,
1984 3745 2033 3789 et
2067 3739 2181 3789 arba
2214 3740 2464 3806 incendiis,
2502 3743 2585 3804 ξι.

1527 3815 1775 3869 Pichena.
2634 3810 2643 3817 ’

1592 3893 1797 3942 Pollatoe
1811 3892 2114 3955 cerimonia]
2138 3894 2422 3945 Vestalium
2444 3909 2584 3949 nem·

1528 3985 1594 4033 pe
1617 3969 1857 4020 incestis:
1891 3984 2005 4035 qua:
2045 3971 2303 4033 protraxit
2336 3971 2584 4021 Domitia·

1523 4060 1622 4094 nus
1647 4045 1841 4108 pariter
1870 4050 1928 4095 et
1958 4047 2139 4109 puniit.
2206 4047 2409 4096 Proeter
2429 4047 2587 4099 histo·

1527 4122 1683 4183 ricos,
1720 4121 1967 4185 Papinius
1995 4122 2200 4183 allusit:
2234 4124 2323 4188 qni
2348 4134 2585 4185 prospec-

1529 4202 1728 4247 tantem
1753 4197 2103 4249 Domitianum
2127 4195 2273 4261 facit,
2295 4199 2310 4226 ⁸
2335 4211 2399 4247 an
2422 4196 2587 4251 tacita

1529 4273 1710 4339 vigilet
1730 4272 1850 4327 face
1880 4274 2093 4326 Troicus
2126 4273 2277 4341 ignia,
2296 4272 2472 4340 Atque
2492 4285 2583 4327 ex-

1516 394 2072 449 ms'romaltmt.
