3050 4867
570 336 744 405 Am
1227 353 1617 404 nncsnsus
1666 352 2098 403 nnrrronuu

650 518 728 581 de
781 520 1203 582 Germanorum
1250 520 1504 600 populis,
1547 521 1830 600 Dialogus
1879 518 1961 578 de
2008 518 2380 590 Oratoribus,
2410 517 2672 596 denique
2700 517 2778 576 de

648 617 769 676 vita
812 617 1102 694 Agricolae
1130 637 1244 677 non
1294 617 1480 679 solum
1508 618 1891 678 emaculatius
1920 615 2233 696 prodeunt,
2280 614 2383 676 sed
2412 626 2472 675 et
2495 615 2772 692 explica·

651 711 784 783 tius,
814 711 1111 787 adjunctis
1133 713 1192 771 in
1217 711 1368 771 hanc
1386 734 1509 773 rem
1539 714 1794 772 scholiis.
1858 713 2097 772 Basileae
2124 712 2181 769 in
2210 711 2448 770 officina
2476 710 2772 770 Frobeui-

653 826 765 867 ana
790 826 896 885 per
925 807 1170 867 Hieron.
1237 809 1586 868 Frobenium
1642 819 1704 868 et
1757 808 1893 867 Nic.
1924 809 2321 886 Episcopium,
2371 812 2566 867 1533:
2611 806 2777 865 Rbe-

652 922 842 962 nanus
894 912 1116 962 textum
1166 903 1510 964 Basileensis
1571 922 1624 965 1.
1664 924 1837 984 quem
1881 904 2181 980 vulgatum
2235 903 2399 972 dicit,
2449 922 2588 961 curn
2635 904 2774 961 MS.

656 999 914 1059 Budensi
964 1000 1244 1059 collatum
1293 999 1479 1073 dedit,
1528 1011 1592 1061 et
1645 1002 1704 1060 in
1756 1000 2075 1061 Germania
2131 998 2404 1058 adhibuit
2450 998 2771 1058 editionem

654 1096 827 1156 aliam
872 1106 1123 1157 veterem
1169 1097 1453 1156 Italicam.
1537 1097 1605 1158 In
1654 1096 1926 1174 Agricola
1989 1104 2048 1155 et
2092 1094 2245 1154 Dial.
2285 1095 2363 1154 de
2413 1094 2775 1154 Oratoribus

658 1192 786 1252 solo
811 1192 1042 1269 ingenio
1071 1213 1213 1251 usus
1254 1204 1364 1251 est.
1409 1191 1682 1251 Ber-oaldi
1722 1201 1782 1251 et
1825 1192 2040 1252 Alciati
2066 1202 2220 1250 notae
2246 1211 2318 1250 ex
2345 1190 2443 1250 ed.
2485 1189 2778 1270 superiori

655 1288 974 1348 Basileensi
1000 1290 1299 1367 repetitae:
1364 1287 1493 1366 ipse
1523 1288 1839 1348 Rhenanus
1868 1285 2096 1347 scholia
2121 1285 2408 1365 adjunxit,
2451 1295 2512 1345 et
2539 1286 2774 1345 thesau-

656 1403 781 1444 rum
811 1385 1309 1445 constructionum
1353 1392 1412 1443 et
1441 1384 1803 1444 locutionum
1826 1394 1888 1443 et
1914 1402 2124 1442 vocum
2176 1381 2390 1442 Tacito
2437 1380 2774 1441 solennium

659 1479 936 1557 praemisit
957 1479 1262 1538 utiliorem.

735 1574 930 1650 Hujus
958 1582 1186 1634 textum
1228 1583 1296 1633 ut
1321 1574 1619 1651 vulgatum
1649 1582 2006 1653 sequuntur:

585 1677 740 1730 1534
780 1668 1019 1740 Aldina,
1076 1680 1128 1731 8.
1178 1678 1195 1705 ‘
1218 1671 1523 1732 Cornelius
1570 1671 1836 1743 Tacitus,
1891 1657 2230 1749 re’cognitus
2278 1677 2339 1728 et
2391 1667 2768 1740 emendatus,

658 1769 772 1825 διο.
843 1767 1013 1827 Varia
1054 1768 1228 1826 lectio
1272 1770 1327 1827 in
1372 1768 1537 1828 calce
1575 1769 1768 1846 operis
1812 1770 2109 1846 impressa.
2139 1765 2422 1836 Venetiis,
2450 1765 2509 1825 in
2538 1764 2770 1824 aedibus

661 1862 957 1922 baeredum
978 1862 1116 1922 Aldi
1134 1865 1384 1924 Manutii
1412 1865 1683 1938 Romani,
1707 1875 1764 1926 et
1794 1865 2050 1926 Andreae
2071 1862 2313 1924 Asulani
2331 1863 2549 1935 Soceri,
2580 1882 2780 1923 mense

661 1958 985 2018 Novembri
1023 1960 1218 2020 1534!
1261 1960 1535 2039 Elegans.

588 2060 737 2114 1541
782 2054 1129 2134 Gryphiana
1171 2074 1217 2116 1.
1261 2056 1514 2116 Cornelii
1566 2056 1766 2117 Taciti
1822 2057 2079 2116 Annales
2116 2077 2188 2116 ex
2243 2057 2449 2135 castig.
2508 2064 2570 2115 et
2639 2076 2780 2115 cum

664 2159 892 2210 annott.
934 2153 1083 2209 AEm.
1114 2152 1348 2225 Ferreti,
1379 2155 1449 2212 B.
1482 2154 1772 2225 Rhenani,
1800 2154 2035 2225 Alciati,
2066 2164 2128 2214 et
2155 2154 2446 2214 Ber-oaldi.
2477 2153 2782 2231 Lugduni,

667 2252 725 2304 8.
767 2245 921 2305 Bibl.
950 2248 1184 2333 Ernest.
1211 2268 1270 2326 p.
1309 2249 1442 2322 196,
1471 2271 1531 2310 n.
1563 2258 1742 2320 2878.

592 2347 743 2403 1542
789 2342 1286 2405 Francofurtensis
1320 2361 1367 2405 1.
1401 2355 1458 2409 8.
1492 2347 1599 2406 Ῥ.
1626 2345 1879 2405 Cornelii
1905 2345 2102 2406 Taciti
2131 2347 2244 2424 Eq.
2265 2347 2438 2406 Rom.
2469 2344 2785 2406 Annalium

667 2437 790 2497 sive
840 2440 1119 2500 Historiae
1148 2443 1432 2519 Augustae
1482 2440 1665 2513 Libri,
1697 2450 1981 2519 quantum
2027 2441 2268 2520 quidem
2317 2462 2521 2502 eorum
2576 2450 2787 2513 παίει,

671 2531 967 2598 Sedecim.
1023 2535 1309 2613 Ejusdem
1339 2535 1573 2597 libellus
1592 2539 1668 2596 de
1698 2536 1954 2596 moribus
1981 2547 2040 2598 et
2068 2537 2300 2616 populis
2327 2540 2791 2601 Germanorum.

675 2633 824 2691 Item
856 2633 990 2692 vita
1037 2633 1178 2693 Julii
1233 2633 1548 2711 Agricolas,
1596 2632 1867 2692 oratoris.
1951 2635 2097 2693 Item
2147 2634 2428 2714 Dialogus
2481 2636 2558 2695 de
2610 2637 2792 2697 claris

670 2728 1018 2790 oratoribus.
1113 2730 1264 2788 Cum
1313 2731 1544 2791 Indice.
1586 2730 1954 2791 Francofurti
1982 2752 2054 2791 ex
2081 2731 2314 2792 officina
2337 2733 2402 2793 P.
2446 2734 2791 2805 Brubacbii,

672 2846 829 2888 anno
849 2831 1044 2885 11³1ss

595 2930 748 2985 1543
819 2919 1191 3001 Gryphiana-
1221 2936 1301 2980 11.
1372 2920 1666 3000 Lugduni,
1727 2932 1787 2985 8.
1846 2940 1980 2983 cum
2034 2922 2185 2982 notis
2239 2924 2385 2983 AEm.
2458 2925 2682 2985 Ferreti
2729 2937 2795 2986 et

669 3017 981 3078 Thesauro
1010 3017 1293 3076 Rhenani.
1344 3018 1517 3079 Haud
1547 3030 1849 3080 accurata.

594 3123 752 3177 1544
795 3113 1057 3173 Rhenum·
1141 3128 1218 3172 11.
1269 3134 1319 3172 s.
1376 3113 1548 3173 Basil.
1595 3130 1705 3175 111.
1749 3114 1852 3174 fol.
1896 3134 1954 3175 c.
1993 3123 2217 3174 annott.
2261 3114 2518 3175 Rhama
2547 3117 2794 3179 Alcimi.

597 3217 747 3272 1551
794 3208 1143 3288 Gryphiana
1200 3226 1310 3269 111.
1354 3209 1651 3288 Lugduni,
1686 3220 1781 3272 12.
1824 3211 1976 3271 AEm.
2039 3210 2307 3270 Ferretus
2345 3210 2632 3288 prefatus
2678 3224 2791 3283 est,

673 3305 779 3366 sed
808 3305 938 3382 ejus
969 3317 1126 3365 notae
1154 3315 1213 3366 et
1257 3306 1407 3367 thes.
1453 3308 1725 3368 Rhenani
1753 3308 1990 3368 absunt.

602 3409 756 3465 1554
795 3405 1042 3474 Veneta,
1073 3415 1132 3465 4.
1175 3403 1442 3465 Fabricio
1470 3413 1852 3466 memoratur.
2619 3468 2632 3477 ‚

599 3509 753 3571 1559
796 3500 1148 3578 Gryphiana
1176 3515 1267 3560 iv.
1313 3499 1609 3578 Lugduni,
1657 3511 1752 3565 12.
1805 3497 1962 3578 apud
2013 3497 2276 3560 haeredes
2322 3499 2464 3560 Seb.
2512 3501 2791 3581 Gryphii.

678 3594 833 3657 Bibl.
875 3596 1174 3675 Ludewig.
1203 3616 1260 3657 n.
1294 3594 1475 3666 7641.

1291 3897 1518 3959 AETAS
1564 3914 1656 3957 lv.
1700 3897 2100 3961 LIPSIANA.

607 4103 762 4164 1574
804 4093 987 4174 h'psii
1010 4110 1055 4155 1.
1078 4102 1137 4157 ’8.
1155 4100 1174 4130 ‘
1195 4094 1266 4156 C.
1286 4094 1465 4157 Corn.
1492 4095 1688 4156 Taciti
1717 4097 1869 4160 Hist.
1886 4106 1949 4158 et
1974 4096 2184 4157 Annal.
2206 4095 2357 4168 libri,
2387 4097 2740 4177 qui-extans,
2758 4122 2796 4160 a
