3050 4867
583 394 759 479 3364
1188 425 1256 473 c.
1303 423 1368 471 c.
1412 416 1670 471 uem
1721 416 2154 473 Βυιτιοιωιι

584 577 1121 645 adolescentibus
1186 576 1508 641 utiliores.
1626 574 1925 639 schedas
1997 574 2296 656 singalas
2355 579 2461 639 ter
2503 575 2789 659 perlegi,

584 680 862 745 collatas
907 664 1206 744 nimirum
1256 678 1594 759 diligenter
1639 698 1792 742 cum
1829 676 2236 741 editionibus
2276 677 2608 753 Brotierii‚
2666 677 2790 741 Bi-

585 782 1030 866 pontianum,
1060 787 1123 844 et
1154 781 1369 863 priore
1403 778 1695 858 Ernesti3
1741 796 2025 862 namque
2053 779 2208 842 huic
2247 778 2452 843 altera
2477 778 2790 861 ejusden

583 883 710 948 viri
770 884 956 958 clari,
1015 883 1187 964 quod
1234 882 1318 945 ad
1348 888 1574 945 textus
1631 882 2060 961 integritatem
2110 881 2370 957 attinet,
2415 888 2522 944 est
2561 881 2787 963 longe,

581 984 776 1067 longe
806 985 1091 1050 inferior.
1094 985 1113 1010 ’
1195 983 1360 1048 Vid.
1391 1003 1599 1068 snpra
1628 1004 1696 1067 p.
1725 984 1919 1048 4562.

670 1085 869 1166 Quod
901 1086 985 1152 ad
1010 1093 1207 1152 notas
1237 1092 1515 1170 emetat,
1539 1103 1693 1170 quse
1723 1105 1814 1150 ex
1831 1085 1981 1149 aliis
2008 1086 2398 1150 auctoribus
2415 1087 2786 1170 exso-iptae

582 1194 755 1267 sunt,
776 1208 908 1253 non
935 1189 1255 1254 verbatim
1280 1200 1343 1253 et
1374 1189 1663 1253 seriatim
1682 1189 1861 1254 datae
1881 1194 2053 1266 sunt,
2075 1188 2241 1252 sed
2221 1209 2292 1252 m
2314 1189 2784 1272 compendm

574 1289 895 1369 redactae,
926 1310 1048 1374 pro
1092 1293 1397 1356 instituto
1427 1298 1492 1356 et
1518 1292 1711 1356 libitu
1757 1290 2090 1371 Editor-in
2138 1292 2236 1355 sic
2277 1310 2441 1355 vero
2473 1296 2781 1370 matatae,

578 1398 657 1457 ut
683 1392 882 1457 fidem
912 1400 1195 1473 servent,
1243 1397 1367 1459 etsi
1397 1395 1676 1473 singulm
1728 1396 2182 1459 annotationes
2211 1395 2504 1477 propriis
2549 1402 2784 1459 aucto·

581 1509 725 1557 rum
752 1495 1131 1558 nominibus
1173 1515 1310 1560 non
1339 1497 1702 1579 signentur-3
1768 1502 1835 1562 et
1861 1494 2129 1579 quidem
2156 1514 2314 1560 mas
2341 1494 2622 1580 (novas)
2665 1497 2786 1561 ob-

580 1598 1004 1672 servationem
1047 1616 1200 1680 qnae
1230 1618 1360 1662 non
1401 1616 1637 1683 paucae
1662 1602 1840 1676 sunt,
1887 1618 2039 1663 cum
2068 1598 2349 1663 aliorum
2379 1604 2784 1662 commenta·

578 1696 700 1761 riis
726 1700 869 1762 sine
900 1698 1037 1763 ulla
1066 1697 1483 1765 distinctione
1504 1702 2043 1764 intermiscentm.
2135 1699 2268 1764 Hae
2289 1707 2466 1763 notar.
2499 1701 2782 1782 plemm-

580 1816 714 1883 que
743 1807 959 1865 textus
1005 1802 1567 1885 interpretationes
1624 1802 1945 1885 praebent,
1997 1800 2325 1865 interdum
2361 1819 2523 1863 vero
2561 1821 2785 1865 emen-

580 1898 916 1966 dationes.
965 1901 1196 1967 Editor
1222 1904 1392 1966 enim
1439 1904 1811 1989 ingeniosus
1852 1920 1988 1969 non
2017 1921 2277 1967 omnem
2309 1902 2394 1966 de
2427 1900 2786 1966 decemb-n

579 2002 773 2066 variis
801 2007 1316 2069 controversiam
1363 2006 1612 2088 effugit,
1651 2007 1770 2071 ubi
1797 2006 2001 2071 lectio
2047 2007 2408 2070 etiamnum
2464 2006 2788 2088 ambigna

578 2102 796 2180 merit,
852 2113 969 2170 aut
1012 2107 1358 2171 manifesto
1408 2108 1810 2191 depravata·
1885 2109 2113 2185 immo,
2162 2114 2270 2171 est
2311 2108 2427 2171 ubi
2469 2107 2786 2191 quaedan

581 2203 668 2269 de
697 2224 875 2270 novo
902 2207 1205 2286 instituit,
1231 2215 1297 2274 et
1326 2208 1549 2274 hiatus
1577 2210 1887 2293 supplere
1922 2215 2204 2274 conatus
2231 2216 2361 2273 ost.

672 2305 778 2371 De
833 2305 962 2372 bac
1013 2307 1320 2373 Editione
1361 2318 1590 2375 notatu
1631 2312 2048 2394 dignissima,
2094 2311 2292 2377 silent
2339 2311 2742 2395 Bipoutini
2719 2330 2788 2375 m

582 2404 899 2474 Recensu
931 2430 1053 2475 suo
1079 2413 1453 2476 novissimo
1484 2412 1679 2477 1792.

670 2509 874 2577 Notae
905 2532 1104 2594 quam
1124 2512 1426 2595 plurimae
1454 2513 1542 2577 ad
1573 2513 1842 2577 Librum
1858 2513 1944 2578 de
1968 2513 2274 2578 Moribus
2295 2511 2789 2578 Germanorum

580 2628 673 2676 ex
700 2618 977 2695 utraque
1021 2612 1096 2677 C.
1123 2611 1203 2677 C.
1233 2613 1456 2679 Taciti
1484 2614 1775 2679 editione
1796 2613 2219 2680 Brotieriana
2246 2624 2629 2697 excerptae3
2674 2633 2789 2680 ae-

578 2721 919 2778 cesserunt
943 2714 1295 2779 Tractatus
1325 2718 1494 2780 varii
1542 2715 1768 2782 Latini
1808 2736 1851 2781 a
1881 2715 2170 2782 Crevier.
2204 2718 2490 2782 Brotier.
2540 2716 2787 2799 Augu.

582 2812 869 2897 aliisque
913 2817 1077 2879 viris
1126 2817 1518 2884 clarissimis
1569 2820 1965 2904 conscripti3
2027 2819 2256 2883 edente
2299 2818 2427 2883 Th.
2472 2819 2787 2901 Bur-gesa

581 2914 732 2980 Svo.
770 2916 977 2982 Lond.
1010 2917 1202 2984 1788.

671 3016 997 3100 Dialogus
1025 3018 1108 3083 de
1157 3019 1259 3085 Gl.
1292 3020 1685 3087 Oratoribus
1726 3021 1796 3087 J.
1825 3021 1923 3087 H.
1953 3020 2040 3086 A.
2069 3022 2382 3099 Schinae,
2416 3021 2573 3087 evo.
2624 3021 2789 3107 ΜΞ.

584 3114 773 3203 Lips.
806 3122 998 3186 1788.

673 3221 900 3286 Editio
922 3222 1143 3288 Taciti
1168 3222 1342 3308 Opp.
1368 3246 1532 3290 cura
1551 3226 1733 3293 Hen.
1767 3227 2073 3303 Homeri,
2096 3244 2186 3290 ex
2211 3226 2594 3290 recensione
2619 3225 2793 3291 Bro-

582 3320 780 3401 tierii‚
822 3322 1118 3407 prodiit
1099 3345 1166 3388 ιιι
1192 3327 1240 3390 4
1268 3326 1400 3396 vol.
1428 3326 1581 3393 Svo.
1611 3328 1772 3412 maj.
1807 3328 2015 3392 Lond.
2048 3327 2240 3391 1790.
2291 3325 2488 3391 Hanc
2516 3326 2622 3390 ed
2657 3346 2792 3392 non

584 3434 953 3489 memorant
1026 3427 1393 3510 Bipoutini,
1456 3449 1578 3494 nec
1638 3431 1862 3495 Tacit.
1911 3430 1994 3494 de
2053 3429 2226 3493 Mor.
2277 3427 2504 3493 Germ.
2573 3427 2794 3494 [aad.

586 3526 804 3591 mmo.
839 3528 1025 3591 1788.
1060 3540 1257 3613 repet
1284 3531 1475 3596 1789.
1510 3551 1636 3596 nec
1665 3532 1750 3597 de
1778 3532 2000 3596 Taciti
2031 3530 2213 3595 Orat.
2241 3535 2308 3594 et
2333 3527 2498 3595 Arte
2521 3529 2796 3597 dicundi

576 3644 673 3691 ex
704 3631 911 3692 tribus
938 3628 1277 3694 Ciceronis
1311 3632 1425 3696 lib.
1458 3632 1540 3697 de
1589 3632 1772 3699 Orat
1797 3638 1918 3700 &c
1957 3634 2173 3699 12mo·
2219 3632 2429 3698 Lond-
2457 3631 2655 3698 1789.
2703 3634 2793 3697 ab

584 3728 819 3793 eodem
853 3731 1211 3813 separatim
1240 3733 1566 3816 vulgatas.
1614 3734 1794 3801 Edit.
1833 3736 1880 3799 4
1907 3736 2038 3799 vol.
2111 3734 2407 3801 Iudicem
2435 3736 2794 3818 copim

580 3829 795 3895 babet.

670 3932 742 3998 J.
787 3933 997 3998 Henr.
1043 3934 1215 3999 Lnd.
1266 3935 1643 4018 Meierotto,
1677 3941 1790 4005 Pr.
1835 3942 1941 4007 De
1990 3942 2355 4027 praecipuis
2387 3960 2602 4005 rerum
2645 3939 2799 4006 Ro-

580 4050 923 4098 manarum
966 4036 1373 4114 auctoribus,
1404 4058 1483 4102 ac
1516 4043 1798 4122 primum
1828 4043 1912 4108 de
1957 4044 2177 4109 Taciti
2212 4042 2540 4107 Moribus.
2581 4043 2800 4109 Βαο-

578 4132 699 4199 lin.
729 4135 1329 4222 1790.—Ejusdem
1382 4140 1493 4204 Pr.
1544 4141 1794 4208 Fontes
1840 4164 2015 4229 quos
2046 4144 2324 4210 Tacitus
2351 4145 2418 4206 in
2450 4142 2802 4212 tradendi-

578 4235 1958 4323 mantanogeatiavidoetmsooum.
2042 4246 2333 4314 Berolin.
2363 4245 2560 4313 lm
2647 4244 2800 4315 me
