3050 4867
1125 351 1381 406 Acme.
1427 352 1591 403 car.
1634 330 1743 403 31.

327 496 466 551 Nam
485 495 675 548 Tacito
696 498 920 549 solemne
943 505 1021 547 est
1047 504 1381 560 transponere

329 573 735 637 praepositiones.
800 574 885 623 Sic
909 581 962 623 et
983 574 1084 635 hic,
1099 573 1291 622 verbero
1306 573 1381 622 in·

326 654 402 698 ter
422 665 477 698 oc
497 646 815 713 contumelias,
848 664 961 713 pro,
997 650 1141 698 Inter
1163 647 1384 697 verbera

328 738 389 774 ac
409 726 765 775 contumelias.
805 726 1018 775 Rhenus.

392 803 642 867 Mancipia
660 802 799 852 semel
816 802 1038 866 veneunt]
1103 800 1382 867 Egregium

326 891 448 927 vero
482 878 791 941 membrum,
830 886 887 928 et
926 878 1098 943 qualia
1127 879 1290 927 multa
1329 877 1380 924 in

326 954 667 1016 pulcherrimo
691 969 905 1019 corpore
927 955 1075 1019 hujus
1095 953 1344 1004 orationis
1366 966 1378 1002 t

324 1045 443 1095 qna,
475 1033 681 1095 moriar,
716 1033 906 1098 siquid
929 1048 1043 1081 meo
1082 1048 1234 1081 sensu
1267 1046 1384 1095 pru·

325 1107 553 1167 dontius,
575 1107 836 1171 disertius,
857 1108 1090 1173 argutius
1109 1115 1186 1157 est
1203 1104 1254 1156 in
1280 1122 1382 1155 om·

326 1182 380 1232 ni
423 1185 655 1233 Romana
697 1185 888 1248 lingua.
977 1183 1223 1232 Ceterum
1269 1183 1382 1231 liuic

326 1261 596 1309 sententiae
650 1262 801 1324 plane
856 1275 1085 1324 compar,
1145 1266 1200 1309 et
1241 1260 1383 1309 velut

322 1335 440 1384 hinc
463 1337 665 1398 hausta,
703 1338 792 1387 illa
814 1336 1041 1387 Salviaui
1065 1338 1099 1386 l.
1118 1351 1194 1387 vr.
1216 1346 1384 1386 extre-

324 1422 427 1469 mo,
446 1414 543 1460 &c.
569 1412 597 1439 ‘
631 1412 838 1476 Lipsius.

388 1486 541 1536 Semel
561 1487 782 1552 venenat]
861 1488 948 1538 Sic
973 1487 1224 1539 Boodicia
1247 1488 1383 1552 apud

324 1562 548 1613 Dionem
589 1565 678 1614 lib.
717 1578 851 1615 mxu.
917 1565 992 1615 At
1028 1574 1220 1630 quanto
1260 1580 1386 1628 prae·

325 1648 492 1690 staret
536 1643 694 1691 semel
746 1657 836 1691 nos
894 1642 1084 1691 alicubi
1152 1640 1385 1703 distrahi,

324 1731 477 1781 quam
523 1718 619 1766 sub
669 1718 802 1766 inani
860 1718 1119 1767 libertatis
1178 1717 1383 1766 nomine

325 1794 599 1857 quotannis
625 1792 837 1841 redimi?
887 1792 1153 1842 Salvianus
1174 1789 1275 1840 fine
1295 1789 1384 1840 lib.

323 1882 401 1918 vt.
486 1868 679 1919 Omnes
732 1870 924 1933 quippe
970 1868 1168 1930 captivi
1229 1881 1384 1931 quum

322 1946 479 1995 semel
504 1944 763 2009 redempti
782 1943 996 2007 fuerint,
1025 1943 1270 1993 libertate
1295 1957 1384 2005 po-

325 2023 555 2072 tiuntur:
593 2037 684 2071 nos
723 2035 929 2085 semper
970 2019 1290 2081 redimimur,
1328 2026 1384 2069 et

324 2113 583 2162 nunqnam
606 2098 756 2147 liberi
779 2111 967 2146 sumus.
1007 2095 1294 2157 Virdmsgus.

387 2177 522 2227 Sicut
543 2178 594 2225 in
620 2173 837 2238 familia]
904 2174 1143 2224 Strictius
1182 2174 1383 2236 Thucy-

323 2251 470 2301 dides
496 2252 588 2301 lib.
612 2266 699 2300 111.
731 2248 956 2311 πάθοιμεν
985 2250 1028 2297 τ’
1050 2249 1109 2298 ἃν
1130 2246 1383 2312 δεινότερα,

321 2328 353 2386 ἦ
372 2329 416 2377 ol
431 2328 537 2392 πρὶν
558 2325 857 2377 δουλεύοντες
877 2344 889 2374 2
926 2327 959 2375 1.
990 2326 1229 2374 Graviora
1245 2325 1385 2375 usti·

323 2419 556 2465 iteremus,
584 2420 721 2467 quam
742 2403 821 2466 qui
851 2403 987 2466 prins
1024 2402 1076 2450 in
1111 2400 1387 2451 mitatem

322 2480 502 2529 redacti
523 2486 649 2528 sunt.
685 2480 844 2528 Salin-

387 2556 652 2618 Brigantes
681 2554 883 2614 soemino
927 2553 1064 2616 duce]
1133 2553 1265 2602 Haec
1287 2552 1389 2604 fuit

322 2632 558 2681 Voadica
583 2632 708 2694 regii
730 2631 932 2694 generis
955 2629 1181 2693 foemina,
1203 2629 1268 2678 de
1288 2644 1390 2695 qua

323 2723 496 2772 supra.
521 2698 749 2758 'Rhenum

388 2785 677 2834 Libertatem
717 2801 809 2833 non
844 2784 899 2833 in
925 2785 1178 2848 prasentia
1217 2783 1388 2846 laton]

328 2856 757 2925 Romana'editio,
792 2868 837 2911 et
860 2862 912 2910 in
935 2861 1199 2910 libertatem
1222 2876 1314 2909 non
1336 2861 1388 2908 in

305 2939 624 2999 -proesentiom
646 2939 826 2986 loturi.-
859 2954 923 2986 ex
948 2953 1050 3001 quo
1073 2938 1147 2986 M.
1173 2937 1388 2986 Antoni·

324 3028 384 3061 us
409 3013 648 3063 Muretus
668 3014 955 3078 ingeniose,
987 3013 1212 3062 diductis
1250 3013 1387 3061 voci·

325 3087 419 3136 bus
444 3089 755 3154 litterisque,
774 3091 826 3138 in
841 3090 1125 3149 libertatem,
1142 3105 1233 3137 nou
1264 3090 1313 3136 in
1332 3104 1385 3152 p.

325 3177 370 3212 r.
391 3165 639 3214 sert-iiim
661 3166 784 3227 nati,
814 3165 867 3214 id
891 3174 974 3217 est
999 3165 1178 3229 populi
1201 3166 1387 3214 Roma-

324 3239 394 3288 ni.
463 3240 686 3305 Ambigo
704 3248 903 3291 tamen:
941 3248 998 3290 et
1022 3242 1212 3303 malim,
1248 3241 1386 3289 liber·

324 3320 473 3365 tutem
496 3332 585 3365 non
608 3318 658 3366 in
676 3321 901 3382 proesenti
931 3317 1156 3379 oblaturi,
1178 3319 1259 3367 vel
1282 3318 1387 3366 iuo-

322 3392 439 3441 tnri.
507 3392 569 3441 In
607 3394 703 3442 boc
744 3394 880 3442 enim
925 3393 1200 3442 sententia}
1240 3394 1388 3457 hujus

277 3478 284 3485 ·
324 3469 646 3532 penetrantis
664 3469 739 3518 vis
761 3475 816 3519 et
829 3470 970 3518 velut
984 3469 1122 3518 acies
1134 3476 1231 3531 est,
1253 3470 1386 3518 inte·

326 3559 444 3609 gros
467 3544 631 3594 adhuc
657 3545 965 3594 Caledonios
990 3560 1124 3607 esse,
1158 3551 1212 3593 et
1237 3546 1390 3594 liber·

328 3628 487 3671 tatem
512 3623 621 3673 siue
639 3623 744 3671 ullo
755 3623 885 3686 jugo
904 3621 1153 3670 illibatam
1167 3622 1388 3671 habere:

324 3697 462 3748 irent
504 3699 666 3763 igitur
711 3705 1127 3762 pugnarentque,
1185 3713 1284 3746 non
1331 3705 1389 3747 ut

327 3775 560 3824 amissam
585 3776 770 3824 iterum
796 3773 1062 3835 inferrent,
1084 3774 1172 3823 sed
1197 3780 1274 3824 tot
1299 3789 1388 3823 sae·

327 3853 457 3901 culis
498 3860 771 3915 retentam,
803 3858 862 3900 ut
899 3865 964 3899 ne
996 3851 1110 3915 quis
1144 3847 1390 3900 auferret.

334 3927 537 3999 Lipsius.

395 4006 462 4054 Et
488 4007 539 4054 in
579 4006 844 4054 libertatem
870 4019 962 4053 non
1003 4005 1056 4052 in
1087 4002 1390 4067 pra-sentim

329 4081 500 4144 loturi]
544 4083 682 4131 Reor
707 4083 960 4131 sinceram
982 4080 1257 4129 lectionem
1277 4093 1391 4128 esse

327 4158 638 4221 hujusmodi,
659 4162 704 4207 et
728 4157 993 4207 libertatem
1009 4173 1100 4206 non
1123 4157 1174 4204 in
1186 4170 1390 4220 proesen-

330 4233 410 4283 tin
446 4234 669 4285 iniciat-is
714 4249 808 4299 pro
853 4234 1056 4287 illaturi.
1118 4231 1391 4299 Significat

2346 330 2519 403 4407

1461 507 1607 570 prius
1632 506 1758 572 ipsis
1780 504 2077 557 libertatem
2099 504 2279 572 fnisse,
2300 521 2395 571 pro
2416 521 2521 571 qua

1462 583 1794 647 adipiscenda
1817 597 1918 632 non
1956 589 2074 632 erat
2113 598 2241 647 opus
2272 597 2523 647 pugnare,

1459 659 1551 707 sed
1585 658 1956 708 conservanda.
2024 659 2085 707 In
2106 660 2364 723 proesentio
2386 658 2521 709 dixit

1461 733 1527 784 de
1570 733 1763 784 futuro.
1814 736 2080 784 Rhenanus.
2145 736 2250 786 Qui
2288 742 2523 798 pugnant

1462 824 1557 872 pro
1581 810 1845 872 libertate,
1881 825 1968 860 eos
1988 810 2206 861 dicimus
2224 811 2519 861 libertatem

1459 886 1510 935 in
1550 902 1701 936 manu
1732 893 1958 951 portare.
2025 887 2238 937 Sallust.
2276 889 2392 937 Cat.
2436 892 2520 935 58.

1458 962 1522 1011 Τὸ
1545 964 1597 1012 in
1610 964 1885 1026 proesentio,
1924 971 1983 1013 ut
2019 965 2236 1014 Terent.
2303 966 2318 992 ‘
2341 964 2518 1013 Provi-

1458 1053 1568 1091 sum
1604 1047 1702 1105 est,
1740 1055 1804 1089 ne
1837 1040 1892 1089 iu
1933 1041 2210 1104 praesentia
2251 1041 2362 1090 haec
2398 1039 2520 1090 hinc

1458 1115 1647 1166 abeat:
1714 1116 1867 1165 Nunc
1905 1132 1967 1165 ea
2005 1114 2157 1165 aliter
2195 1114 2527 1182 interpunge,

1459 1199 1514 1241 et
1535 1188 1628 1240 nisi
1651 1198 1803 1240 erunt
1824 1180 1992 1241 omnia
2008 1192 2128 1241 Sole
2142 1192 2378 1255 clariora,
2394 1207 2519 1241 nun-

1459 1282 1611 1331 quam
1657 1262 1873 1330 posthac
1921 1262 2136 1315 duarum
2184 1266 2523 1317 rerum·mihi

1459 1343 1675 1395 credas:
1716 1344 1816 1392 Nos
1842 1340 2023 1405 integ-ri
2042 1344 2089 1392 ei
2120 1338 2367 1399 indomiti5
2397 1349 2444 1391 et
2461 1344 2519 1393 11·-

1458 1417 1688 1467 bertotem
1704 1434 1795 1467 noa
1816 1418 1867 1468 in
1894 1417 2150 1482 presentia
2188 1420 2335 1468 loturi
2364 1419 2520 1482 primo

1457 1495 1623 1554 statim
1639 1493 1924 1555 congressu?
1954 1497 2073 1543 unde
2095 1496 2390 1545 ostendamus
2409 1510 2522 1557 quos

1457 1568 1549 1617 sibi
1574 1570 1827 1618 Caledonio
1845 1568 1969 1618 viros
1990 1572 2263 1632 seposuerit.
2320 1570 2428 1619 Nos
2454 1569 2521 1618 ad

1458 1643 1557 1694 hoc
1583 1644 1828 1708 temporis
1854 1643 2043 1707 integri
2080 1651 2133 1692 et
2165 1643 2398 1692 indomiti
2439 1659 2523 1693 su·

1459 1733 1572 1767 mus
1593 1736 1606 1767 z
1643 1725 1697 1767 et
1716 1733 1816 1767 non
1840 1718 2061 1767 viriliter
2082 1732 2219 1767 nunc
2238 1720 2401 1783 primo
2422 1724 2521 1768 sta-

1460 1792 1554 1842 tim
1577 1807 1857 1856 congressu
1881 1808 1971 1857 pro
1995 1792 2240 1842 libertate
2275 1792 2521 1857 pugnabi-

1457 1870 1602 1917 mus?
1632 1868 1695 1917 'ro
1717 1874 1764 1918 et
1797 1867 2164 1932 interrogando
2187 1874 2235 1917 et
2254 1868 2522 1918 dubitamus

1457 1950 1610 1999 adhuc
1644 1949 1869 1998 virtutem
1901 1948 2151 1998 extentam
2179 1945 2365 2008 sactis?
2396 1947 2524 1996 Sali-

1459 2027 1650 2077 nerius.
1739 2024 1937 2076 Mureti
1997 2025 2272 2075 lectionem
2318 2025 2521 2089 Lipsius

1459 2117 1559 2153 uon
1604 2103 1808 2168 probat.
1883 2100 1996 2166 Ego
2037 2117 2138 2151 non
2176 2116 2380 2166 possum
2421 2117 2520 2152 nec

1455 2178 1617 2242 ipsius
1662 2177 1843 2243 Lipsii.
1924 2177 1999 2227 At
2035 2179 2521 2241 interpretationem

1458 2253 1570 2317 ejus
1592 2255 1827 2318 utrisque
1848 2252 2082 2303 manibus
2107 2254 2413 2317 amplector,
2451 2253 2522 2302 vi·

1460 2330 1539 2379 dit
1558 2330 1691 2380 enim
1713 2345 1885 2379 veram
1908 2329 2006 2379 loci
2025 2331 2333 2379 sententiam
2357 2349 2367 2377 :
2404 2346 2520 2394 qum

1461 2414 1632 2455 tamen
1672 2420 1738 2455 ex
1773 2404 1930 2469 ipsius
1972 2404 2333 2453 emendatione
2378 2407 2521 2455 nullo

1460 2481 1613 2531 modo
1636 2479 1925 2531 conficitur.
1992 2480 2063 2528 Ut
2087 2479 2408 2544 conficiatur,
2424 2482 2524 2530 alia

1462 2559 1620 2621 plane
1660 2573 1787 2622 opus
1825 2565 1924 2619 est,
1967 2556 2283 2621 verbumque
2317 2550 2523 2622 aliquod

1463 2633 1814 2695 desideratur,
1836 2630 1972 2698 quod
1996 2648 2108 2681 eam
2146 2634 2373 2696 expleat,
2400 2635 2523 2696 juu-

1463 2709 1687 2773 gendum
1723 2724 1842 2758 cum
1876 2708 2149 2773 participio
2171 2710 2340 2759 loturi.
2404 2709 2522 2760 Hoc

1463 2786 1582 2835 vide
1605 2785 1647 2835 si
1670 2785 1810 2836 forte
1833 2785 2026 2845 inveni,
2063 2785 2231 2833 latens
2264 2782 2315 2832 iu
2356 2786 2524 2835 veteri

1463 2863 1611 2912 Rom.
1627 2862 1755 2912 edit.
1775 2877 1890 2926 quae
1915 2861 2089 2922 habet,
2107 2867 2152 2910 et
2169 2863 2221 2909 in
2241 2860 2524 2911 liber-tatem.

1461 2938 1614 2987 Istud
1659 2938 1709 2985 in
1747 2937 1790 2986 si
1824 2937 2118 2996 diducatur,
2172 2936 2341 2986 exibit
2379 2943 2523 3000 apte,

1460 3014 1627 3063 minui.
1694 3012 1846 3064 Quod
1866 3012 2125 3074 corrumpi
2169 3019 2225 3060 et
2262 3011 2526 3062 decurtari

1461 3089 1535 3137 ita
1551 3103 1702 3153 quam
1714 3087 1865 3136 facile
1882 3086 2116 3152 potuerit
2134 3101 2309 3136 omnes
2328 3088 2525 3139 vident.

1462 3166 1538 3213 Ut
1567 3164 1682 3227 jam
1719 3165 1795 3213 ita
1838 3161 2247 3212 commodissime
2290 3164 2523 3226 legatur:

1464 3239 1566 3287 Nos
1591 3239 1769 3299 integri
1792 3243 1839 3288 et
1868 3237 2109 3300 indomiti,
2148 3244 2194 3288 et
2214 3240 2366 3289 minui
2386 3240 2525 3288 iiber·

1462 3319 1610 3364 tatem
1646 3331 1740 3364 non
1774 3315 1825 3364 in
1864 3314 2119 3378 prasentia
2165 3315 2330 3377 loturi,
2366 3315 2525 3378 prims

1461 3394 1629 3442 statim
1648 3394 1972 3455 congressione
1989 3394 2302 3451 ostendamus,
2322 3396 2404 3455 ἆγε.
2460 3391 2525 3441 ln

1461 3469 1559 3517 hoc
1582 3482 1782 3531 maneo,
1795 3467 1960 3516 donec
1980 3466 2045 3515 ab
2064 3466 2175 3514 aliis
2191 3467 2381 3516 certius
2400 3467 2523 3531 qnid

1463 3562 1493 3594 e
1511 3546 1661 3595 libris
1684 3544 1944 3594 afferatur.
2010 3544 2183 3603 Unum
2207 3551 2379 3595 tamen
2402 3544 2527 3594 affe-

1465 3637 1594 3685 ram,
1623 3622 1672 3670 in
1716 3636 1816 3686 quo
1839 3620 2011 3668 Taciti
2047 3620 2252 3682 phrasin
2278 3634 2526 3683 agnosces

1463 3699 1668 3759 saltem,
1684 3698 1724 3745 si
1745 3696 1869 3745 nihil
1884 3705 2144 3759 praeterea
2159 3695 2329 3745 idonei
2347 3697 2486 3745 alind
2509 3712 2523 3746 ε

1467 3777 1539 3824 Et
1569 3774 1798 3835 libertati,
1836 3788 1930 3821 non
1973 3773 2168 3835 imperio
2201 3773 2342 3835 sueti,
2378 3773 2526 3821 alacri

1461 3851 1620 3913 primo
1634 3850 1801 3898 statim
1819 3848 2157 3907 congressione,
2173 3849 2254 3907 &c-
2309 3847 2393 3895 Sic
2418 3847 2528 3911 qui-

1468 3926 1584 3974 dem
1624 3926 1710 3973 ille
1756 3923 2065 3988 frequenter
2108 3920 2350 3986 loquitur.
2387 3920 2525 3971 Anu.

1467 4015 1579 4050 xxv.
1636 4002 1834 4065 ‘neque
1877 3998 2127 4064 conjugiis
2167 3997 2529 4060 suscipiendis,

1468 4093 1636 4141 neque
1657 4077 1852 4125 alendis
1875 4075 2054 4124 liberis
2077 4072 2246 4123 sueti.'
2282 4072 2422 4121 Hist.
2448 4068 2547 4123 lv.'

1469 4160 1481 4182 ⁸
1505 4153 1763 4203 servirent
1787 4150 1938 4215 Syria
1975 4149 2221 4214 Asiaque,
2264 4154 2320 4195 et
2347 4154 2526 4197 suetus

1467 4229 1678 4296 regibus
1702 4225 1931 4280 Orionse'
2003 4226 2158 4276 Nunc
2190 4223 2349 4277 etism
2387 4222 2549 4275 aliud·
