3050 4867
809 385 962 433 ms.
1005 385 1087 434 ιι.
1134 383 1301 433 ou.
1342 365 1454 434 58.

262 530 371 594 nio,
390 545 587 596 ΜΨ
603 530 676 581 ibn·
692 528 1158 589 eadetatesorem
1175 535 1221 579 et
1243 543 1348 579 nos·

264 611 332 657 tri
373 609 564 671 origine
605 610 902 667 veneranda,
950 608 1119 668 relegit
1168 607 1350 655 Asiane.

266 685 522 734 Pichena.
592 685 765 733 Locus
790 684 857 731 ab
894 683 1123 732 omnibus
1149 684 1353 732 concla-

268 767 462 821 matus,
499 760 583 808 cui
604 761 770 809 vitam
811 758 997 821 reddo,
1031 757 1351 822 pollinctori-

274 837 371 885 bus
394 836 537 885 abire
550 837 734 901 jussiS,
757 843 813 886 et
838 836 1071 885 tibicine.
1121 837 1255 885 Nam
1278 837 1354 884 ita

267 913 425 980 lengo:⁸
462 914 624 975 Igitur
654 913 943 976 relinquens,
979 927 1081 975 quae
1104 912 1172 961 ibi
1194 913 1346 962 varie·

271 988 623 1047 tonsor-tm.
659 987 922 1037 Aurelius.
974 988 1035 1037 In
1057 988 1174 1037 loco
1196 988 1354 1038 maui-

276 1062 417 1114 feste
440 1070 693 1129 corrupto
716 1064 939 1129 quilibet
972 1065 1230 1127 interpres
1255 1079 1353 1128 pro

276 1148 441 1204 captu
466 1150 556 1190 aut
596 1140 817 1190 arbitrio
851 1155 943 1190 suo
966 1150 1199 1191 versatus
1236 1149 1349 1191 estz

278 1217 403 1265 mihi
424 1232 541 1280 qua:
560 1216 629 1265 de
645 1217 843 1280 origine
861 1218 1092 1267 Romana
1113 1218 1198 1267 hic
1223 1219 1354 1267 inse-

282 1299 489 1350 runtur,
522 1293 659 1341 haud
684 1293 895 1342 dubium
919 1293 1178 1357 judicium
1214 1291 1354 1343 fece·

280 1375 403 1418 runt
446 1369 535 1416 nii
571 1370 884 1418 mentionem
918 1369 1152 1419 hocloco
1176 1369 1357 1431 fuisse,

280 1444 549 1510 ipsiusque
588 1461 727 1495 verm
768 1448 1044 1510 scriptura!
1084 1461 1356 1511 superesse

284 1522 531 1585 vestigia,
568 1522 705 1570 tunde
740 1519 877 1572 haud
904 1520 1186 1572 difficulter
1208 1537 1357 1572 erua-

280 1605 397 1647 tur:
451 1598 617 1660 Igitur
650 1599 762 1662 Ilio,
800 1613 992 1663 queque
1024 1599 1092 1647 ibi
1126 1599 1356 1647 varietate

269 1673 487 1733 fortune
509 1680 556 1722 et
577 1676 731 1724 nostri
762 1675 948 1737 origine
968 1677 1247 1736 mondo,
1282 1689 1355 1722 re·

281 1753 397 1814 12ss
422 1751 607 1801 Asiam.
659 1752 753 1800 Ilio
774 1751 945 1813 relegit
967 1752 1156 1815 Asiam,
1171 1750 1354 1801 eadem

281 1828 501 1878 formula
541 1829 807 1893 loquendi,
856 1844 959 1893 qua
998 1828 1153 1879 modo
1198 1834 1356 1877 trans·

284 1906 421 1954 nisit
440 1904 661 1967 Lesbum,
699 1913 760 1954 ut
796 1905 1037 1954 nimirum
1071 1904 1356 1968 utrobique

282 1980 534 2044 neglecta
562 1982 633 2029 sit
666 1980 988 2045 praepositio.
1058 1980 1181 2030 Pari
1204 1977 1356 2029 modo

283 2056 484 2120 ellipsis
510 2056 661 2105 estin
685 2055 782 2120 his,
817 2055 913 2104 Ilio
930 2069 1119 2119 quaeque
1138 2054 1227 2116 ibi,
1260 2069 1356 2117 pro

286 2133 352 2182 ab
377 2132 499 2194 Ilio,
519 2139 575 2182 et
597 2131 662 2181 ab
685 2132 770 2195 iis,
800 2147 919 2196 quae
944 2131 1033 2180 ibi.
1052 2179 1069 2204 =
1098 2131 1186 2180 Sic
1211 2144 1250 2181 1.
1274 2135 1356 2180 38.

287 2209 558 2258 Enseu-ritis
572 2207 653 2272 qui
672 2208 978 2268 abnuerant,
994 2207 1091 2257 hoc
1116 2213 1214 2268 est,
1236 2205 1359 2268 illis,

285 2286 393 2350 qni.
486 2285 810 2349 Frequenter
871 2289 1028 2348 atque
1092 2283 1363 2345 eleganter

290 2361 556 2411 omittitur
586 2361 650 2424 is,
687 2366 779 2410 aut
811 2360 916 2422 ine,
955 2363 1208 2423 sequente
1246 2358 1325 2422 qui
1345 2374 1362 2407 .·

286 2439 423 2488 sicut
445 2437 599 2487 modo
632 2438 812 2487 notavi
837 2435 903 2485 ad
929 2434 1166 2485 Curtium
1190 2436 1243 2483 in
1278 2433 1366 2483 In·

288 2513 426 2575 dice,
468 2527 596 2563 voce
634 2514 731 2563 ille.
783 2512 1181 2563 Freinshemius.
1246 2512 1364 2562 Vox

289 2590 424 2639 male
448 2590 673 2653 repetita
695 2597 753 2639 et
775 2588 1004 2639 nonnihil
1026 2594 1229 2639 mutata
1248 2602 1365 2638 sen-

289 2680 399 2715 mm
422 2666 622 2726 turbat,
638 2666 804 2728 legam
826 2681 839 2714 :
876 2665 1040 2727 Igitur
1056 2665 1221 2715 Asiam
1240 2679 1367 2728 Μ-

292 2756 381 2804 que
409 2741 480 2789 ibi
519 2741 754 2790 mrietaaee
780 2739 1063 2800 fortunoeet
1098 2740 1249 2790 nostri
1270 2741 1366 2788 ori·

287 2818 403 2878 gine
424 2817 691 2867 tenet-unda
710 2817 903 2878 relegit,
923 2818 1207 2882 apponitque
1229 2819 1367 2867 Colo·

288 2893 465 2955 phono.
535 2891 821 2956 Navigatio
843 2893 958 2943 haec
976 2892 1274 2943 Germanici
1296 2893 1369 2942 in·

295 2975 374 3018 ter
414 2969 678 3031 Europam
716 2975 799 3018 est
842 2968 1131 3034 Asiamque.
1196 2969 1368 3033 Supra

295 3041 466 3093 dictus
490 3042 593 3091 suit
618 3045 854 3094 tramissa
876 3043 1046 3095 Lesbo
1065 3045 1258 3095 adiisse
1280 3060 1368 3094 ex-

296 3127 467 3170 trema
511 3118 685 3169 Aslae:
734 3121 827 3170 sed
875 3121 996 3170 iude
1040 3122 1096 3171 in
1140 3123 1367 3184 Europae

297 3210 461 3257 oram,
496 3196 589 3244 nbi
628 3196 907 3246 Perinthus
944 3205 1001 3247 et
1037 3198 1368 3262 Byzantium,

297 3273 535 3336 perlatus
570 3269 707 3321 fuit:
747 3279 994 3336 retroque
1030 3287 1205 3323 versus
1244 3280 1300 3322 et
1339 3287 1372 3323 a

300 3350 639 3398 Samothrace
652 3348 822 3398 insula
838 3349 1059 3413 rejectus
1077 3351 1263 3413 ventis,
1282 3351 1370 3416 qui

303 3438 479 3474 rursus
503 3425 670 3488 ipsum
694 3425 749 3473 in
773 3424 911 3475 Asiae
934 3439 1073 3475 oram
1097 3427 1282 3488 tulere,
1307 3440 1374 3475 ea

302 3504 516 3567 regione
562 3501 652 3551 ubi
693 3501 797 3551 fuit
837 3503 1016 3566 Troja.
1080 3505 1243 3553 Vides
1281 3518 1375 3553 cur

304 3580 443 3631 dieat
462 3580 637 3641 retegit
658 3585 715 3629 et
731 3594 827 3628 cur
845 3581 1123 3629 varietatem
1136 3579 1375 3642 fortuna»,

303 3657 623 3719 originemque
646 3656 914 3704 Romanam
934 3665 1201 3705 memoret.
1255 3657 1377 3704 Gro-

304 3733 414 3783 tin.
483 3732 589 3782 Hic
612 3733 755 3782 loeus
791 3732 902 3780 sine
923 3731 1079 3782 dubio
1099 3739 1375 3794 corruptus

307 3819 403 3871 est,
430 3820 487 3860 et
509 3824 719 3859 sensum
744 3808 1039 3874 perfectum
1074 3824 1174 3858 non
1197 3809 1376 3858 habet.

307 3886 671 3950 'transponere
696 3885 878 3947 verba,
914 3891 970 3934 ut
1006 3882 1136 3934 facit
1155 3883 1377 3946 Lipsius,

307 3962 593 4011 violentum
630 3966 734 4010 est.
813 3960 982 4011 Quare
1019 3960 1223 4023 corrigo
1261 3971 1377 4021 par-

307 4038 427 4087 vula
462 4037 782 4087 luctatione:
825 4036 983 4097 Igitur
1017 4036 1132 4096 alia,
1168 4049 1275 4097 quoe
1310 4031 1380 4081 ibt

308 4113 767 4173 metesa-tm
792 4116 840 4159 et
860 4111 1008 4160 amri
1031 4110 1215 4173 origine
1248 4123 1380 4158 vene·

309 4190 459 4238 nuda
511 4191 710 4252 relegit,
762 4187 1045 4250 Asiamquu
1094 4186 1381 4250 emicuitque

314 4265 595 4330 Colophon«.
646 4262 788 4315 Ach.
816 4262 1066 4313 Harloeus.
1214 4283 1221 4290 ·

373 4342 505 4395 Cu.
525 4347 613 4394 65.
648 4339 856 4392 Miser-it
887 4338 1124 4404 triremes]
1157 4339 1266 4391 Alii
1292 4339 1381 4390 tri-

2332 369 2508 438 8856

1427 542 1593 580 remes
1604 545 1744 592 suas,
1755 538 2017 596 tamquam
2034 546 2233 593 omnes,
2247 530 2334 581 alii
2350 546 2508 595 quas-

1430 607 1547 656 dam
1594 607 1770 671 missas
1806 609 2250 671 interpretantur:
2323 609 2498 658 neutri

1504 381 1962 435 ANNALIUM.

1431 681 1672 733 absurde.
1731 683 2025 733 Freinshem.
2094 684 2274 733 Livius
2321 696 2498 732 xxm.

1429 763 1508 811 84.
1542 763 1557 789 ‘
1581 762 1646 812 P.
1663 763 1906 811 Valerius
1932 764 2147 812 Flaccus
2171 772 2410 812 cercuros
2432 761 2499 811 ad

1431 838 1841 902 persequendam
1887 837 2354 902 retrahendamque
2413 851 2501 886 na-

1431 927 1544 961 vem
1571 927 1685 971 cum
1710 914 1970 962 misisset!
2025 914 2318 979 Utrobique
2351 916 2505 965 intel-

1428 989 1607 1052 ligitur
1628 990 1825 1051 aliquot.
1859 989 2173 1039 Gronovius.

1495 1066 1697 1114 Severos
1716 1065 1952 1127 tribunos]
1987 1068 2215 1116 Vertuut
2238 1066 2419 1117 fideles
2444 1075 2500 1119 et

1433 1147 1639 1191 veteres
1663 1159 1678 1202 ;
1716 1140 1807 1190 sed
1831 1158 1933 1191 non
1955 1143 2019 1191 ad
2055 1143 2211 1192 fidem
2235 1145 2318 1194 hic
2344 1146 2503 1209 respi-

1430 1217 1590 1280 citur,
1612 1233 1788 1267 verum
1809 1219 1874 1267 ad
1900 1220 2240 1282 disciplinam.
2279 1222 2498 1272 Freiusln.

1496 1295 1634 1344 Mala
1655 1293 1896 1359 obsequia]
1931 1296 2158 1348 Quidam
2193 1298 2258 1346 ad
2286 1299 2497 1348 Germa·

1429 1371 1600 1421 nicum
1626 1378 1680 1421 et
1719 1370 2057 1436 Agrippinam
2095 1372 2346 1436 referunt,
2384 1389 2500 1424 cum

1428 1449 1493 1497 ad
1519 1449 1763 1498 Pisonem
1789 1448 2112 1498 referendum
2137 1450 2222 1511 sit,
2259 1450 2324 1498 ad
2350 1452 2498 1514 cujus

1429 1526 1676 1590 obsequia
1696 1526 1925 1589 prompti
1943 1533 2091 1575 erant
2111 1527 2266 1576 etiam
2283 1527 2335 1575 iu
2354 1527 2501 1577 malis

1430 1602 1601 1650 rebus,
1688 1602 1872 1650 Malum
1912 1608 1992 1651 est
2033 1602 2320 1665 obsequium,
2368 1604 2505 1667 quod

1430 1676 1517 1726 nbi
1553 1691 1657 1726 nou
1694 1676 1852 1726 debet
1888 1676 2145 1738 redditur,
2183 1692 2502 1744 perversum.

1427 1752 1515 1801 Sic
1552 1753 1567 1779 ‘
1593 1753 1726 1801 male
1752 1752 1968 1801 alacres'
2007 1761 2128 1801 sunt
2149 1766 2227 1802 lv.
2268 1757 2351 1801 74.
2384 1769 2505 1816 per-

1430 1844 1583 1880 versc
1626 1830 1855 1890 alacres;
1910 1829 2036 1894 laeti,
2087 1845 2244 1895 quum
2292 1832 2501 1879 minime

1429 1905 1703 1955 deberent.
1738 1906 1887 1955 Idem.

1497 1981 1639 2030 CAP.
1661 1985 1744 2030 56.
1779 1982 2040 2031 Hominum
2072 1982 2297 2044 ingeniis,
2329 1986 2375 2030 et
2408 1983 2506 2031 situ

1431 2055 1691 2120 terrarum]
1725 2058 1862 2109 Quid
1880 2059 1977 2107 hae
1998 2049 2128 2107 Ms‘ti
2159 2059 2381 2107 lectione
2401 2072 2507 2106 me-

1431 2133 1531 2181 lius
1550 2139 1640 2182 aut
1664 2133 1885 2183 elarius?
1910 2142 2080 2185 tamen
2101 2135 2209 2184 sive
2232 2148 2264 2182 a
2283 2134 2506 2183 librariis

1435 2215 1700 2273 corrupta,
1739 2210 1849 2259 sive
1887 2225 1917 2259 a
1950 2210 2252 2260 censoribus
2289 2215 2511 2272 mutata,

1438 2283 1514 2333 sic
1551 2284 1607 2333 in
1648 2284 1869 2347 vulgatis
1901 2285 2226 2335 habebatur:
2263 2284 2506 2345 Ambigua

1435 2373 1554 2421 gens
1575 2373 1631 2408 ea
1667 2360 1950 2423 antiquitus,
1987 2376 2080 2431 non
2113 2363 2246 2410 modo
2284 2361 2511 2424 ingeniis,

1438 2438 1521 2483 sed
1543 2436 1643 2484 situ
1667 2440 1919 2486 terrarum.
1954 2437 2198 2486 Pichena.

1505 2510 1798 2573 AEmulutus]
1853 2512 2029 2560 Possit
2071 2511 2379 2560 Sallustiauo
2422 2525 2509 2560 ex·

1444 2589 1617 2651 emplo
1652 2586 1778 2650 legi,
1809 2588 2020 2636 aemulus.
2087 2588 2103 2614 ‘
2129 2587 2204 2636 At
2226 2587 2509 2650 Pompeius

1445 2677 1476 2711 a
1492 2662 1661 2725 prima
1679 2660 2051 2722 adolesceu11a‚
2071 2659 2350 2709 Alexandri
2373 2660 2511 2724 regis

1443 2738 1588 2790 facta
1609 2738 1855 2801 dictaque
1878 2737 2092 2786 aemulus
2116 2735 2264 2786 erat!
2297 2736 2508 2798 Lipsius.

1509 2816 1739 2865 CAP.57.
1776 2813 1920 2879 Cyrri
1941 2814 2148 2877 demm]
2181 2814 2398 2876 Cyrrum
2424 2827 2512 2876 op-

1444 2890 1623 2956 pidum
1647 2890 1698 2938 in
1724 2889 2078 2955 Cyrrhestica,
2111 2903 2203 2938 seu
2227 2887 2513 2953 Cyrristiea

1444 2967 1652 3029 regione
1676 2966 1993 3030 Coelesyriae,
2016 2966 2091 3015 ait
2107 2965 2333 3015 Plinius:
2358 2971 2412 3013 et
2437 2963 2512 3013 sie

1445 3060 1477 3094 a
1499 3043 1783 3094 Ptolemaeo
1806 3044 2018 3106 dieitur,
2046 3043 2418 3106 reponiturque
2440 3041 2515 3090 iu·

1447 3127 1533 3171 ter
1549 3120 1704 3169 urbes
1729 3119 1910 3182 Syriae.
1942 3119 2188 3168 Aurelius.

1513 3196 1718 3259 Postque
1757 3209 1898 3244 rum
1934 3195 1985 3243 in
2023 3193 2277 3256 tribunali]
2326 3190 2515 3242 Maluit

1448 3274 1645 3323 Muret.
1669 3271 1907 3333 divisum,
1923 3275 2030 3334 post
2052 3285 2155 3333 quoe
2175 3284 2330 3319 rums.
2364 3263 2512 3317 Idem

1448 3353 1502 3402 in
1527 3358 1748 3415 utroque
1771 3356 2103 3398 momentum.
2135 3347 2400 3397 Acidalia-s.

1518 3426 1764 3489 Principis
1784 3424 2011 3487 Romani]
2047 3423 2224 3473 Claret
2241 3422 2526 3474 sententian·

1452 3503 1482 3534 *
1506 3503 1736 3554 AEmilius
1778 3508 1951 3552 tamen
1986 3499 2068 3549 hic
2112 3500 2422 3562 λεπολσγεΐ,
2459 3507 2516 3548 et

1450 3577 1630 3643 perdit
1650 3579 1812 3627 multa
1838 3576 2014 3626 verba.
2048 3576 2255 3639 Lipsius.

1515 3654 1760 3716 Principis
1785 3650 2011 3714 numni]
2045 3651 2371 3713 Rectissime,
2403 3663 2520 3700 meo

1454 3730 1659 3796 quidem
1685 3730 1854 3778 animo
1875 3728 1987 3778 haec
2011 3728 2291 3791 explicavit
2314 3728 2522 3776 Ferret·

1455 3813 1559 3865 tus,
1583 3811 1811 3854 mentem
1833 3805 2035 3854 Pisonis
2059 3804 2238 3866 fuisse,
2258 3804 2310 3851 in
2332 3801 2518 3852 dandis

1455 3879 1661 3932 coronis
1693 3896 1795 3929 non
1818 3881 1950 3930 adeo
1971 3895 2214 3944 maguum
2237 3878 2349 3928 fieri
2371 3893 2523 3942 opor-

1459 3958 1618 4006 tuisse
1638 3957 1916 4006 discrimen
1939 3958 2078 4006 inter
2100 3971 2156 4005 se
2176 3964 2233 4005 et
2251 3955 2523 4005 Germani·

1457 4043 1594 4096 cum,
1618 4037 1718 4083 dcc.
1753 4033 2120 4083 Freinshemius.

1522 4109 1658 4160 CAP.
1682 4115 1766 4158 58.
1798 4110 2082 4159 Amicitiam
2107 4108 2332 4167 ucsoedus
2352 4118 2521 4155 memo·

1456 4185 1665 4247 futuros]
1701 4184 1872 4234 Verbo
1896 4187 2099 4246 signato
2124 4193 2176 4233 et
2197 4181 2407 4246 proprio
2425 4182 2524 4229 hac

1456 4262 1508 4311 in
1554 4277 1610 4313 re
1655 4275 1802 4311 usum
1845 4261 2088 4310 Tacitum
2128 4257 2418 4308 notavimus
2456 4253 2524 4305 sd

1461 4339 1704 4390 Plautum
1723 4337 1917 4388 Pseud.
1940 4342 1989 4386 ⁶.
2013 4341 2060 4386 1.
2080 4340 2161 4386 86.
2198 4332 2487 4385 Gronovius.
