3050 4867
1001 310 1081 357 m
1134 311 1282 360 mu.
1329 309 1444 357 ιιι.
1492 305 1933 360 nummum.
2297 365 2306 374 ,
2367 290 2562 365 ’4481

352 453 649 505 ὀαιίαοιτία
685 455 772 502 lex
801 453 947 504 Julla
986 453 1126 503 dicta
1169 452 1291 503 alibi
1323 454 1568 517 Ulpiano.
1632 455 1873 505 'Pacitusz
1910 457 1925 483 ‘
1952 455 2093 518 Lege
2125 454 2293 519 Papia
2332 440 2564 517 prmius

368 533 588 596 inducti,
623 540 681 582 ut
704 534 747 582 si
772 550 802 583 a
826 534 1111 596 privilegiis
1130 539 1403 597 pareutum
1421 540 1728 597 cessaretur,
1747 534 1892 584 velut
1925 549 2116 599 parens
2140 536 2364 584 omnium
2403 552 2565 600 popu·

369 616 449 664 lns
467 615 704 665 vetantia
729 621 934 665 teneret
950 615 983 664 ι’
1017 615 1070 664 id
1113 625 1213 676 est,
1235 614 1470 665 aerarium
1508 614 1768 679 publicum
1807 616 1941 666 bona
1966 614 2151 681 quibus
2189 615 2423 665 dominus
2461 631 2567 666 non

340 730 345 735 -
371 702 528 758 esset,
550 701 848 759 occuparet.
914 696 991 744 Ea
1011 696 1145 744 enim
1168 699 1314 744 mens
1334 711 1363 755 3.
1384 709 1481 745 nec
1505 694 1662 744 audio
1685 695 2013 746 Vertranium
2036 693 2415 759 emendantem,
2446 712 2503 746 ne
2523 698 2569 749 a

369 790 400 825 α
416 790 493 839 pr.
507 790 612 838 pur.
636 791 727 825 ces.
750 791 795 826 v.
812 793 864 840 p.
884 791 928 825 ο.
951 778 1145 840 populus
1164 776 1383 825 meantia
1415 781 1686 826 teneretur.-
1720 792 1835 841 quae
1874 778 2167 827 emendatio
2203 776 2435 841 frigidior
2468 784 2567 842 est,

370 862 431 905 ut
452 855 541 905 ille
559 856 653 918 ait,
677 856 880 907 Gallica
901 856 1039 908 nive.
1104 857 1373 906 Ferretum
1395 858 1568 920 potius
1594 857 1767 918 audio,
1797 858 1863 907 de
1885 859 2236 921 corruptione,
2256 864 2312 907 et
2350 857 2566 908 defectu

365 937 468 987 loci
492 951 612 986 vere
628 937 970 1000 judicantem.
1033 938 1187 987 Prior
1204 938 1337 987 enlm
1364 953 1482 1002 pars
1500 938 1565 987 ad
1588 939 1804 1001 praemia
1825 938 2109 988 delatorum
2133 940 2353 990 attinet:
2378 939 2565 1005 quibus
2623 990 2628 995 ,

368 1018 641 1081 sequeutia
664 1016 748 1066 filo
773 1018 1020 1067 orationis
1042 1031 1144 1067 non
1169 1018 1504 1082 respondent.
1573 1017 1859 1069 Raevardus
1898 1028 2073 1068 noster
2094 1019 2157 1067 ad
2202 1022 2237 1069 l.
2260 1034 2448 1071 ccvm.
2480 1020 2563 1069 De

368 1097 495 1161 ch.
509 1098 667 1161 juris,
692 1113 756 1147 ex
778 1099 856 1146 his
879 1099 1108 1148 Cornelii
1129 1098 1298 1147 verbis
1319 1096 1500 1159 efficit,
1525 1099 1642 1161 lege
1680 1099 1850 1164 Papia
1873 1098 2146 1148 discrimen
2179 1099 2370 1148 nullum
2403 1098 2562 1149 fuisse

364 1178 505 1227 inter
527 1178 736 1227 caelibes
760 1178 1035 1243 orbusque,
1058 1185 1114 1226 et
1129 1178 1328 1241 pariter
1350 1192 1525 1227 omnes
1550 1178 1616 1227 ab
1639 1178 2018 1229 hereditatibus
2052 1179 2341 1245 legatisque
2362 1179 2565 1229 submo-

363 1262 466 1306 tos.
533 1257 842 1307 Discrimina
862 1273 976 1322 qum
1017 1258 1205 1306 deinde
1246 1266 1473 1321 reperta,
1495 1272 1610 1306 esse
1655 1257 2036 1322 a'l'iberi0,qni
2077 1259 2206 1321 legis
2243 1258 2359 1322 ejus
2397 1274 2561 1309 nexus

364 1339 553 1388 multos
576 1339 797 1387 exsolvit
819 1345 874 1388 et
901 1338 1075 1387 nodos.
1143 1335 1385 1399 Ambigo.
1440 1336 1576 1386 Illud
1599 1337 1725 1398 scio,
1740 1352 1806 1386 ex
1824 1338 2033 1401 Ulpiani
2061 1339 2212 1389 titulo
2250 1352 2376 1389 xin.
2394 1346 2564 1390 totum

362 1418 459 1468 hoc
485 1427 683 1468 zetema
705 1418 906 1468 definiri
932 1419 1184 1482 potuisse:
1225 1416 1430 1479 integer
1451 1423 1683 1466 exstaret
1704 1417 1873 1467 modo.
1941 1416 2014 1468 At
2052 1434 2186 1469 nunc
2210 1419 2335 1469 nihil
2367 1428 2563 1482 praeter

361 1499 589 1549 indicem
628 1501 867 1561 est,‘De
913 1499 1112 1558 caelibe,
1133 1497 1278 1559 orbo,
1301 1505 1354 1545 et
1398 1497 1627 1546 solitario
1669 1497 1855 1561 petre?
1889 1500 1990 1548 .Et
2027 1498 2236 1563 quidem
2271 1500 2313 1547 si
2352 1500 2560 1549 caelibes

362 1579 488 1629 nihil
509 1580 829 1644 acceperint,
852 1580 928 1629 uti
950 1586 1150 1628 certum
1171 1595 1184 1627 :
1220 1578 1369 1627 orbos
1392 1578 1658 1627 semissem
1679 1578 1935 1644 habuisse,
1954 1580 2205 1630 solitarios
2244 1587 2424 1645 patres
2457 1593 2562 1631 me-

352 1659 524 1725 Jorem
550 1661 769 1725 aliquam
793 1661 1103 1725 portionem,
1124 1660 1256 1709 ratio
1277 1660 1557 1709 consentit.

430 1742 622 1793 Cum·
641 1742 708 1791 de
733 1742 794 1792 iis
817 1756 931 1807 quae
950 1742 1198 1805 conjuges
1222 1741 1360 1791 inter
1382 1755 1438 1791 se
1461 1741 1696 1806 capiunt,
1733 1740 1901 1792 adfine
1940 1741 2117 1806 priori.
2185 1743 2434 1807 Ulpianus
2475 1742 2558 1793 tlt.

361 1833 457 1871 ιν.
490 1823 505 1850 ‘
533 1823 627 1872 Vir
667 1831 721 1872 et
764 1836 897 1872 uxor
934 1822 1071 1870 inter
1091 1835 1149 1871 se
1190 1821 1444 1871 decimam
1491 1823 1804 1871 matrimonii
1842 1824 2046 1872 nomine
2091 1837 2278 1887 capere
2326 1830 2559 1888 possunt.

359 1904 515 1957 Quod
559 1903 602 1951 si
643 1917 707 1951 ex
732 1902 833 1951 alio
855 1901 1177 1951 matrimonio
1217 1902 1408 1951 liberos
1449 1904 1757 1966 superstites
1796 1902 2038 1966 habeant,
2076 1910 2271 1967 praeter
2304 1902 2559 1955 decimam

362 1998 511 2049 quam
532 1983 845 2033 matrimonii
867 1983 1073 2033 nomine
1108 1984 1344 2047 capiunt,
1385 1982 1602 2034 totidem
1645 1983 1871 2033 decimas
1903 1999 1997 2047 pro
2036 2000 2245 2035 numero
2280 1986 2558 2036 liberorum

355 2062 653 2127 accipiunt!
717 2063 852 2111 Vide
898 2062 1136 2112 eumdem
1182 2063 1394 2126 Ulpiau.
1441 2064 1523 2112 tit.
1562 2052 1680 2113 xri.
1713 2067 1730 2093 ⁴
1768 2065 1848 2113 De
1895 2063 2043 2114 solidi
2084 2066 2374 2128 capacitate
2420 2067 2558 2119 intes

355 2145 522 2193 virum
544 2153 599 2194 et
622 2142 870 2194 uxorem?
937 2144 1142 2193 Canium
1166 2143 1299 2192 enim
1324 2150 1463 2206 sunt,
1497 2158 1526 2192 e
1551 2144 1731 2207 quibus
1769 2145 1985 2194 solidum
2021 2146 2275 2195 interdum
2309 2148 2558 2211 conjuges

355 2226 605 2289 capiunt:
643 2238 767 2289 quas
787 2238 963 2274 omnes
987 2225 1125 2274 clare
1147 2224 1220 2274 lbi
1240 2232 1480 2274 recenset
1491 2225 1916 2281 jurisconsultus.
1981 2226 2236 2289 Respexit
2257 2226 2356 2276 huc
2380 2235 2558 2276 orator

354 2314 538 2356 vetus:
572 2307 588 2335 ‘
603 2306 790 2355 Placet
818 2320 1005 2369 ergo,o
1027 2306 1182 2369 leges,
1204 2305 1607 2370 diligentissimae
1626 2305 1837 2371 pudoris
1860 2307 2121 2369 custodes,
2143 2306 2367 2356 decimas
2388 2306 2559 2356 uxori·

354 2385 472 2450 bus,
494 2393 708 2452 quartas
732 2385 1094 2437 meretricibus
1116 2385 1230 2435 deri
1247 2386 1282 2435 ?’
1345 2385 1640 2435 Decimaria
1671 2400 1734 2436 ea
1765 2386 1852 2435 lex
1879 2385 2100 2448 sublata,
2120 2386 2159 2435 l.
2183 2399 2244 2434 ιι.
2280 2387 2339 2436 C.
2363 2386 2428 2436 de
2460 2384 2554 2436 inf.

355 2481 495 2531 poen.
520 2469 636 2518 cael.
656 2474 712 2517 et
732 2468 840 2519 orb.
2262 2499 2266 2503 ·

419 2547 610 2597 CAPUT
638 2548 703 2597 de
722 2548 869 2598 bonis
889 2548 1202 2599 libertorum.
1266 2548 1402 2598 Vide
1426 2548 1704 2611 Ulpianum
1725 2548 1806 2598 tit.
1829 2548 1922 2598 ult.
1945 2555 1998 2598 et
2021 2548 2144 2598 inst.
2169 2549 2203 2599 l.
2229 2563 2315 2599 m.
2384 2549 2558 2613 Caput

352 2628 475 2677 item
508 2630 573 2677 de
593 2629 902 2679 liberatione
924 2643 1197 2694 operarum
1218 2647 1232 2680 ε
1268 2630 1416 2694 cujus
1438 2630 1600 2679 verba
1622 2632 1658 2680 l.
1678 2642 1896 2681 xxxvu.
1917 2630 1998 2681 De
2021 2629 2191 2695 operis
2214 2630 2387 2679 libert.

419 2710 615 2760 Carva-
637 2709 703 2759 de
735 2709 1002 2761 divortiis:
1038 2725 1140 2776 qno
1170 2712 1353 2760 modus
1391 2711 1659 2776 impositus
1691 2724 1865 2760 eorum
1899 2710 2188 2761 crebritati.
2256 2711 2409 2760 Clare
2431 2710 2557 2760 Sue·

354 2791 498 2840 touio
542 2789 807 2853 traditum,
851 2791 904 2840 in
929 2791 1065 2855 Aug.
1090 2805 1135 2840 c.
1159 2795 1242 2841 ³4.
1307 2792 1470 2843 Juvat
1507 2791 1704 2855 aliquid
1750 2791 2153 2854 Quinctilianus‚
2194 2792 2283 2854 qui
2318 2789 2382 2839 de
2408 2792 2556 2854 quin·

354 2872 589 2936 quennio·
624 2872 855 2936 suggerit
889 2873 941 2921 in
976 2872 1268 2926 sterilitate.
1331 2874 1586 2922 Themate
1609 2872 2024 2923 Declamationis
2049 2885 2152 2921 cu.
2188 2874 2201 2898 ‘
2229 2871 2376 2920 Intra
2410 2872 2557 2934 quin-

350 2952 630 3016 quennium
666 2967 767 3002 non
805 2953 1094 3017 parientem
1133 2954 1407 3017 repudiare
1439 2953 1631 3003 liceat!
1695 2953 1890 3001 Eodem
1925 2951 2099 3014 capite
2140 2951 2315 3013 injusti
2347 2949 2557 2998 divortii

351 3045 514 3093 poenae
537 3050 549 3081 :
585 3040 639 3082 et
662 3040 721 3082 ut
743 3033 919 3082 dotem
941 3034 1167 3094 amittat,
1187 3034 1333 3098 cujus
1356 3034 1511 3098 culpa
1528 3033 1804 3082 divortium
1821 3030 2029 3081 factum.
2099 3030 2279 3094 quue
2316 3029 2382 3077 de
2415 3030 2559 3090 dote,

350 3113 512 3161 multa
538 3114 590 3162 in
615 3115 902 3163 Comment.
924 3115 1421 3165 jurisconsultorum
1446 3115 1510 3163 ad
1539 3115 1754 3176 Papiam
1770 3114 1939 3177 legem
1961 3130 1974 3161 ι
2001 3111 2166 3161 videl.
2190 3124 2341 3159 inv.
2375 3112 2555 3159 Soluto

348 3194 697 3244 matrimonio.
766 3195 924 3245 Plura
946 3195 1121 3259 capita
1143 3195 1327 3247 omitto
1344 3196 1513 3245 sciens
1540 3195 1848 3258 volensque:
1883 3193 2006 3256 quia
2027 3191 2092 3247 ael
2129 3191 2443 3240 subtilitates
2470 3204 2559 3253 po·

349 3274 450 3325 tius
467 3275 604 3337 juris
629 3276 912 3338 pertinent,
934 3290 1089 3340 quam
1110 3275 1460 3338 cognitionem
1481 3274 1821 3338 antiquitatis.

414 3356 527 3418 Ego
556 3355 619 3407 ·si
658 3354 782 3420 quid
824 3356 879 3405 in
918 3357 993 3405 liis
1037 3356 1332 3405 humanitus
1377 3355 1545 3417 omisi,
1583 3354 1850 3407 commisi:
1889 3353 2042 3415 adde,
2078 3352 2300 3423 corrige,
2323 3351 2552 3415 ignosce.

346 3435 485 3485 lund
531 3450 734 3498 moneo,
761 3437 812 3485 in
850 3437 1015 3487 veteri
1039 3437 1421 3487 pandectarum
1446 3436 1757 3486 Graecanico
1794 3434 1986 3497 indice,
2015 3435 2208 3485 Julinm
2248 3442 2302 3483 et
2335 3433 2554 3498 Papiam

346 3516 453 3567 κατ’
480 3516 668 3578 ἐξοχὴν,
686 3525 740 3567 et
762 3519 882 3582 quia
903 3518 1089 3580 injure
1114 3518 1322 3581 plurimi
1345 3533 1483 3580 usus,
1504 3517 1759 3583 appellari
1785 3515 1946 3571 ἁπλῶς
1967 3518 2151 3580 Leges.
2217 3516 2301 3564 Ita
2323 3516 2554 3565 invenies
2581 3550 2596 3559 .

346 3600 667 3662 Μαυρικιανοΰ
696 3600 778 3649 Aa
816 3602 942 3661 leges
982 3599 1153 3656 βιβλία
1189 3598 1252 3662 ἔξ.
1315 3599 1558 3663 Τερεντίου
1608 3597 1880 3659 Κλήμεντος
1913 3600 1992 3647 Διί
2024 3600 2150 3659 leges
2180 3597 2350 3654 βιβλία
2389 3598 2552 3646 εἴκοσι.

346 3678 645 3743 Μαρκέλλου
664 3682 744 3729 Διί
786 3682 910 3742 leges
949 3679 1119 3737 βιβλία
1152 3678 1216 3742 ἕξ.
1261 3680 1399 3729 Γαΐου
1428 3683 1509 3730 Aa
1546 3682 1669 3742 leges
1711 3677 1881 3736 βιβλία
1918 3676 2185 3727 δεκάπεντε.
2251 3676 2443 3731 Παύλου
2474 3680 2555 3727 Aa

345 3763 473 3823 leges
496 3760 668 3817 βιβλία
681 3759 810 3811 δέκα.
877 3762 1145 3813 Οὐλπιανοῦ
1175 3764 1258 3812 Aa
1298 3764 1424 3824 leges
1441 3761 1613 3819 βιβλία
1632 3762 1809 3811 εἴκοσιι
1844 3767 1901 3810 et
1936 3774 2062 3810 cave
2091 3760 2243 3808 aliter
2265 3758 2553 3822 acceperis,

340 3858 507 3907 qnam
532 3844 598 3893 ad
620 3843 811 3895 Juliam
837 3851 892 3892 et
915 3845 1129 3907 Pupiam
1153 3846 1312 3908 leges.
1376 3843 1702 3909 Argumenta
1734 3844 1903 3892 clara:
1938 3842 2178 3906 quoniam
2219 3847 2275 3890 et
2313 3854 2563 3889 numerus

348 3924 599 3974 librorum
625 3923 734 3975 fere
756 3928 1037 3987 convenit3
1072 3932 1128 3974 et
1162 3939 1415 3990 nusquam
1452 3914 1489 3976 ii
1525 3926 1804 3990 scriptores
1847 3924 1901 3973 in
1938 3922 2223 3973 Pandectis
2255 3920 2557 3999 simpliciter

344 4002 426 4052 Ad
455 4005 597 4067 leges
616 4004 913 4067 laudantur,
933 4005 1025 4055 sed
1043 4004 1108 4055 ad
1130 4005 1323 4056 Julian·
1345 4013 1401 4054 et
1424 4005 1641 4069 Papiam
1660 4007 1861 4055 saltem.
1925 4004 2071 4053 Scies
2090 4010 2146 4053 et
2167 4002 2311 4066 illud,
2334 4002 2556 4059 valuisse

348 4085 439 4137 has
466 4086 607 4150 leges
629 4086 693 4135 ad
712 4088 893 4137 Severi
920 4086 1056 4150 Imp.
1080 4102 1266 4149 aevum,
1289 4087 1378 4150 qui
1416 4101 1519 4138 non
1557 4086 1825 4150 abrogavit
1865 4085 2110 4150 quidem„
2125 4083 2218 4134 sed
2259 4083 2515 4135 imminuit
2538 4100 2552 4132 ε

341 4166 570 4218 maxime
617 4181 682 4216 ea
721 4176 1012 4234 parte,qua
1050 4168 1151 4219 fuit
1185 4168 1253 4220 de
1293 4168 1565 4233 gignendis
1608 4168 1801 4219 liberis.
1864 4166 2211 4217 Tertullianus
2234 4161 2387 4228 Apol.
2421 4178 2468 4215 c.
2500 4166 2552 4213 4.

480 4248 657 4314 Detpk.
681 4254 729 4298 et
754 4250 868 4300 γαν.
896 4251 1024 4302 Olus.
1134 4257 1137 4260 ⁴
1378 4250 1536 4303 Tacit.
2282 4249 2343 4295 13
2368 4245 2414 4294 E
