3050 4867
444 401 619 475 4134

443 562 857 629 sententiamque
878 567 1201 627 pervertens.
1255 563 1425 630 quue
1446 570 1503 616 et

443 642 630 706 laipsio
651 640 916 704 probatur.
952 639 1092 689 Pida.

515 718 697 767 Eodem
715 721 825 765 octa
846 715 1064 779 invisior]
1096 716 1234 768 Quid
1258 725 1340 767 est
1359 718 1507 780 illud,

447 795 577 845 Actu
595 794 798 843 invisam
817 792 945 845 esse?
988 794 1231 857 Ineptiae,
1265 798 1324 844 et'
1343 808 1507 844 sermo

447 884 633 935 parum
657 884 758 919 non
774 869 942 919 dicam
960 870 1148 932 lautus,
1163 869 1255 919 sed
1277 870 1509 919 Latinus.

451 946 749 997 scribebam
774 945 975 995 sublata
1000 960 1064 995 ea
1083 960 1231 1008 voce,
1256 947 1415 995 eadm
1435 948 1509 995 in-

450 1024 599 1075 visior
618 1029 750 1073 erat.-
773 1037 934 1087 genus
956 1024 1203 1072 sermonis
1228 1031 1406 1073 uotum
1429 1025 1510 1073 vel

455 1115 521 1149 ex
544 1115 646 1149 uno
669 1100 878 1149 Plauto.
944 1098 1152 1147 Placuit
1193 1098 1312 1150 Jac.
1346 1100 1512 1149 Lectii

455 1175 646 1226 eruditi
672 1176 769 1225 viri
793 1175 1116 1239 conjectura,
1152 1177 1310 1224 eodem
1341 1180 1512 1225 auctu:

452 1267 594 1303 nunc
615 1267 728 1301 mea
765 1253 882 1314 ista,
915 1266 966 1301 eo
999 1253 1108 1301 dein
1125 1251 1265 1309 sustu
1299 1253 1511 1301 invisior.

444 1329 596 1394 ¹Iaips.
1477 1356 1482 1363 ·

521 1405 697 1453 Eodem
740 1408 850 1452 acta
889 1402 1087 1451 invidor-
1128 1402 1257 1466 erat]
1318 1403 1515 1466 Verba,

453 1485 613 1534 eodem
647 1484 772 1543 actu,
807 1464 1091 1544 depravata
1118 1495 1336 1531 censeo:
1372 1497 1433 1531 ac
1472 1481 1514 1531 si

453 1557 768 1621 conjectura:
791 1556 935 1604 locus
957 1564 1094 1605 esset
1113 1557 1222 1606 sine
1241 1572 1339 1621 ope
1363 1559 1515 1607 libro-

455 1648 589 1694 rum,
612 1633 835 1683 libenter
857 1633 1219 1683 restituerem:
1251 1650 1303 1683 eo
1334 1635 1516 1684 eunctis

456 1710 654 1760 invisior
675 1716 797 1759 erat.
831 1709 1085 1760 Pichena.
1119 1709 1279 1760 Varia
1301 1710 1384 1761 hic
1406 1718 1516 1761 ten·

457 1793 574 1837 tent
596 1788 708 1836 Viri
731 1786 949 1836 Eruditi.
1016 1780 1127 1849 Εὲο
1149 1801 1252 1836 non
1287 1787 1515 1837 dubitem

457 1864 727 1928 scripsisse
760 1864 1026 1912 Tacitum:
1061 1864 1217 1912 eodem
1243 1867 1376 1913 tcmto
1395 1864 1517 1912 invi-

457 1944 554 1991 sior
575 1948 694 1992 erat.
731 1942 911 1990 Eodem
927 1943 1083 2005 valet,
1100 1955 1160 1989 ea
1178 1941 1294 2004 ipsa
1311 1941 1373 1990 de
1397 1954 1516 1990 cau-

462 2033 541 2079 sa,
563 2018 684 2082 quia
706 2017 984 2080 potentior.
1021 2016 1242 2066 Grotius.
1293 2014 1418 2075 Alii,
1440 2033 1517 2067 eo·

460 2096 566 2142 dem
595 2093 823 2151 invi-riom
855 2094 939 2140 vel
962 2094 1120 2141 eodem
1157 2092 1208 2141 in
1232 2091 1374 2152 fastu
1396 2094 1519 2143 invi-

400 2178 406 2182 ·
459 2170 584 2217 sior.-
615 2168 719 2231 vel,
758 2182 810 2215 eo
829 2168 1010 2216 cumis
1028 2168 1230 2216 invisior
1246 2174 1368 2218 erat.
1416 2170 1520 2218 Sed

461 2243 586 2294 nihil
609 2241 804 2293 arridet
848 2257 956 2306 prae
978 2242 1099 2294 Jac.
1122 2244 1292 2294 Lectii
1331 2245 1522 2294 eruditi

460 2319 560 2368 viri
589 2317 921 2382 conjectura3
954 2321 1110 2369 eodem
1136 2324 1275 2369 auctu
1306 2321 1520 2372 invisior.

460 2395 854 2445 Freinshemius.
1199 2408 1211 2418 ·

528 2473 663 2522 Cae.
689 2477 767 2521 1³.
796 2473 1019 2522 Potentia
1033 2474 1328 2538 principatus
1347 2474 1521 2540 divisa]

463 2550 676 2600 Sueton.
716 2554 770 2597 et
824 2550 945 2599 Sex.
987 2549 1228 2600 Aurelius
1290 2552 1525 2601 scribunt

465 2626 682 2677 Galbam
706 2626 858 2675 trium
877 2626 1153 2677 amicornm
1176 2628 1392 2678 consilio
1414 2630 1525 2693 regi

464 2702 689 2765 solitum,
731 2716 854 2766 quos
892 2702 1216 2768 Paedagogos
1252 2705 1525 2755 vocabant.

463 2777 704 2839 Lupus-us.

459 2895 466 2901 .
531 2854 657 2903 Icelo
672 2853 842 2901 Galbae
863 2853 1053 2917 liberto]
1098 2855 1414 2920 Nequissimi
1436 2858 1525 2906 bn·

459 2931 548 2994 jus
607 2929 795 2978 servuli
839 2943 1046 2989 nomen,
1068 2931 1210 2981 varie
1256 2934 1525 2998 scriptum.

467 3005 609 3056 Alibi
632 3005 875 3070 Hymnus,
909 3006 1033 3056 alibi
1066 3007 1253 3058 Icellus.
1315 3010 1525 3061 Vatica-

466 3098 560 3133 nus
580 3098 781 3147 semper
796 3084 973 3133 1celnoe:
996 3098 1145 3149 quem
1164 3098 1367 3151 sequor.
1402 3087 1526 3136 Plu·

467 3165 700 3214 tarcbum
721 3165 778 3213 in
803 3179 866 3213 ea
885 3178 1014 3213 voce
1037 3167 1287 3228 emaculo,
1313 3168 1368 3215 in
1401 3167 1526 3216 Gal-

470 3239 569 3289 ba:
605 3239 697 3289 Kal
728 3236 842 3296 ἧκεν
877 3239 970 3287 ἀπὸ
1005 3240 1178 3301 Ῥώμης
1211 3240 1388 3292 ’Ῑκελδε
1419 3241 1528 3290 ὰπ-

469 3315 685 3380 λευθερὸς
744 3316 1002 3375 ἑβδομαῖος.
1092 3318 1276 3382 Vulgo,
1336 3317 1531 3369 Σικελὸς

467 3392 745 3455 scriptum:
772 3398 828 3441 et
846 3399 1117 3441 verterunt
1128 3394 1356 3444 homines
1370 3395 1533 3459 docti,

469 3466 659 3518 Siculas
679 3469 883 3531 quidam.
948 3467 1023 3517 At
1047 3469 1245 3519 Icelum
1267 3471 1403 3521 bunc
1433 3469 1534 3521 fes·

471 3544 690 3594 tinarum
729 3546 963 3594 nuntium
1002 3545 1184 3609 fuisse,
1220 3547 1410 3598 doceat
1444 3562 1534 3598 eos

468 3619 744 3669 Suetonius
763 3621 918 3670 Galb.
943 3637 989 3672 c.
1010 3626 1090 3673 22.
1123 3623 1259 3688 Lips.
1439 3654 1448 3663 -

515 3694 691 3751 'Quem
710 3697 865 3744 anulis
887 3698 1134 3762 domum]
1202 3701 1287 3749 De
1312 3699 1410 3750 hoc
1448 3717 1533 3751 eo-

471 3771 590 3819 dem
612 3771 912 3821 Suetonius:
965 3772 980 3800 ‘
1016 3773 1185 3823 Icelus
1209 3776 1381 3838 paullo
1409 3785 1534 3827 ante

461 3847 635 3897 anulis
658 3848 825 3896 aureis
839 3848 1071 3911 donatus,
1086 3855 1141 3898 et
1151 3851 1401 3901 Marciani
1417 3867 1537 3917 cog-

473 3923 679 3973 nomine
694 3932 984 3986 ornatus,et
1003 3926 1111 3988 jam
1135 3940 1341 3976 summae
1359 3942 1537 3993 eques·

472 3999 772 4063 trisgradus
789 4001 1129 4063 candidatus,'
1150 4005 1282 4053 δια·
1313 4006 1446 4069 Lips.

536 4074 740 4126 Annalis
774 4077 998 4126 donatum
1034 4078 1273 4143 libertum]
1339 4079 1533 4131 Paulus

465 4152 598 4215 juris
639 4156 837 4213 auctor,
861 4155 876 4180 ‘
902 4154 1005 4204 Qui
1035 4155 1157 4219 jus‚'
1192 4157 1380 4222 inquit,
1403 4160 1418 4186 ‘
1445 4175 1533 4208 au-

473 4244 677 4279 reorum
721 4231 1025 4280 annulorum
1064 4232 1441 4299 impetraverit,
1477 4243 1535 4288 ut

472 4306 723 4369 ingenuus
775 4305 1094 4360 haberetur.’
1159 4310 1408 4378 Idemque
1453 4328 1534 4364 re-

1149 420 1367 471 ⁸0⁶1·AE
1410 418 1744 473 vamonu
1757 423 1811 471 M
1860 420 1939 473 11(

1577 565 1845 630 scripsisse
1865 566 2061 617 Divum
2080 565 2359 616 Adrianum
2383 564 2641 631 Ulpianus

1581 643 1794 693 scribit:
1829 644 2149 694 concedebat
2171 649 2344 693 autem
2375 645 2513 694 solus
2550 643 2645 693 im-

1580 730 1796 786 perator
1829 722 1988 771 etiam
2018 719 2259 784 foeminis,
2280 729 2341 770 ut
2380 720 2641 771 natalibus

1583 798 1966 847 restitueretur.
2004 798 2236 847 Alc-intus.
2304 797 2366 845 Id
2411 804 2508 861 est,
2520 797 2641 860 jure

1585 873 1886 921 annulorum
1917 886 2186 923 aureorum
2224 887 2436 937 quorum
2470 873 2644 921 memi-

1588 954 1777 996 nerunt
1807 947 1954 999 Jcti.
2022 948 2222 998 Plinius
2278 949 2650 998 l.xxxm..ait

1586 1025 1828 1073 annulum
1851 1039 2057 1074 aureum
2077 1026 2230 1089 longo
2256 1031 2491 1089 tempore
2522 1024 2645 1074 fuis-

1585 1114 1641 1148 se
1664 1100 1863 1163 insigne
1881 1115 2078 1161 eorum,
2099 1101 2183 1165 qui
2220 1102 2382 1164 legati
2418 1099 2645 1162 fuerant,

1587 1175 1765 1239 hisque
1809 1177 1859 1223 in
1903 1175 2110 1240 publico
2148 1177 2225 1225 uti
2267 1176 2460 1239 solitos,
2507 1176 2644 1226 domi

1587 1249 1784 1301 ferreis.
1867 1253 2060 1302 Postea
2101 1253 2300 1302 annulis
2343 1253 2510 1303 aureis
2544 1253 2645 1303 .usi

1589 1328 1809 1393 nobiles,
1834 1334 1892 1379 ut
1924 1328 2155 1378 ostendit
2184 1329 2359 1378 Livius
2396 1329 2432 1378 l.
2454 1340 2537 1377 ιι.
2561 1332 2646 1378 46.

1590 1412 1861 1469 postquam
1894 1413 2066 1455 autem
2086 1421 2117 1454 a
2134 1406 2331 1455 Senatu
2352 1405 2415 1454 ad
2434 1406 2648 1470 Equites

1589 1487 1709 1528 sunt
1755 1481 1956 1543 judicia
2009 1482 2280 1544 translata,
2316 1482 2395 1530 usi
2434 1482 2646 1546 Equites

1591 1556 1789 1604 annulis
1813 1559 2016 1616 aureis3
2054 1556 2192 1621 quod
2231 1571 2331 1606 non
2365 1566 2469 1606 tam
2494 1557 2647 1621 Equi-

1590 1638 1719 1693 tum,
1734 1646 1885 1696 quarn
1898 1632 1933 1684 J
1937 1632 2142 1682 udicum
2165 1633 2362 1697 insigne
2376 1632 2499 1695 fuit,
2514 1638 2649 1683 teste

1591 1706 1782 1756 Plinio.
1850 1708 1921 1757 Et
1948 1714 2131 1771 postea
2151 1708 2247 1757 hoc
2269 1706 2446 1757 datum
2467 1708 2650 1757 Mann-

1589 1782 1773 1832 missis.
1841 1782 1925 1832 Sic
1970 1783 2211 1833 Vitellius
2258 1783 2656 1834 Asiaticnm2li·

1590 1858 1796 1908 bertum
1820 1860 2018 1909 annulis
2053 1861 2348 1909 honoravit.
2413 1861 2498 1910 Ad
2534 1860 2650 1910 haec

1592 1931 1814 1984 foemiuis
1840 1934 1964 1998 ipsis
1972 1935 2058 1999 jus
2069 1937 2371 1985 annulorum
2384 1951 2653 1986 aureorum

1593 2014 1807 2062 concedi
1846 2013 2068 2075 solebat,
2090 2028 2209 2062 cum
2246 2019 2421 2062 tamen
2453 2014 2518 2063 ob
2541 2028 2648 2064 rem

1593 2098 1800 2140 strenue
1840 2091 1893 2139 in
1933 2090 2070 2141 bello
2103 2098 2318 2154 gestam,
2339 2086 2552 2140 auctore
2568 2090 2654 2140 Ci-

1595 2180 1783 2215 cerone
1809 2167 1861 2216 in
1883 2168 2103 2216 Verrem
2129 2180 2182 2216 v.
2203 2167 2443 2216 daretur':
2468 2181 2533 2216 ex
2555 2181 2656 2232 qno

1597 2243 1739 2292 istud
1761 2242 1970 2306 Ulpiani
2007 2244 2082 2293 ita
2110 2242 2329 2306 intelligi
2354 2242 2530 2303 debet,
2550 2257 2662 2291 mu-

1593 2320 1771 2369 lierem
1803 2319 1926 2383 jura
1946 2318 2279 2383 ingenuitatis
2307 2332 2459 2381 posse
2479 2330 2655 2369 conse·

1597 2396 1704 2461 qui.
1772 2396 1927 2446 Hunc
1948 2395 2144 2445 Ic’elum
2168 2409 2378 2444 summae
2400 2393 2655 2458 equestris

1598 2472 1785 2536 gradus
1809 2472 2138 2522 candidatum
2162 2471 2375 2520 Sueton.
2401 2471 2655 2533 appellat,

1599 2548 1756 2601 Galb.
1776 2553 1855 2599 14.
1886 2549 2125 2612 ΙΛφαιιιισ.
2190 2549 2465 2598 Neminem
2501 2548 2656 2608 latet,

1599 2640 1665 2674 ex
1704 2623 2175 2684 constitutionibus,
2201 2637 2402 2672 servum
2442 2622 2530 2687 qui
2567 2623 2659 2671 do·

1598 2710 1753 2752 netur
1774 2702 1972 2752 annulis
1992 2701 2178 2762 uitreis,
2212 2700 2485 2763 imaginem
2519 2701 2660 2763 inge-

1598 2779 1812 2828 nuitatis
1833 2776 2097 2842 consequi,
2113 2790 2214 2825 non
2228 2789 2342 2826 esse
2360 2776 2657 2839 ingenuum.

1601 2853 1717 2903 Lib.
1741 2867 1803 2903 ιι.
1826 2855 1921 2903 Co.
1945 2854 2010 2902 de
2031 2852 2146 2904 Jur.
2165 2866 2277 2902 aur.
2300 2867 2383 2902 an.
2420 2854 2436 2880 ‘
2462 2853 2661 2901 liberti·

1602 2929 1782 2979 nitatis
1820 2927 1988 2993 quoad
2013 2928 2197 2978 vivunt
2231 2929 2525 2991 imaginem,
2553 2944 2660 2978 non

1602 3012 1795 3054 statum
1819 3003 2152 3068 ingenuitatis
2176 3006 2428 3068 praestat!
2469 3004 2663 3055 Priori·

1603 3081 1698 3130 bus
1739 3088 1911 3130 tamen
1953 3081 2406 3131 constitutionibus
2457 3083 2662 3145 plenam

1602 3163 1759 3220 atque
1783 3155 2070 3217 perfectam
2093 3158 2413 3221 praestabant
2433 3160 2667 3224 ing-enni-

1605 3236 1782 3281 tatem.
1847 3233 2101 3296 Ulpianus
2136 3235 2170 3282 l.
2197 3247 2251 3284 x.
2272 3235 2321 3297 ς.
2342 3239 2392 3284 3.
2414 3237 2485 3285 D.
2511 3235 2577 3283 de
2608 3235 2665 3285 iu

1592 3309 1680 3373 jus
1706 3324 1818 3360 voc.
1884 3309 2032 3359 Idem
2069 3311 2104 3361 l.
2126 3325 2212 3362 ιιι.
2241 3327 2319 3375 pr.
2346 3313 2418 3363 D.
2444 3312 2507 3361 de
2542 3313 2665 3363 bon.

1606 3386 1804 3436 Libert.
1867 3388 2038 3451 Supra
2091 3394 2302 3437 aetatem
2345 3402 2469 3437 vero
2509 3387 2664 3439 Alex.

1604 3463 1801 3526 Severi,
1823 3465 1906 3513 vel
1930 3464 2114 3513 saltem
2138 3464 2452 3528 temporibus
2471 3464 2667 3528 Taciti,

1599 3542 1687 3604 jus
1709 3545 2009 3595 annulorum
2030 3543 2096 3593 ad
2118 3550 2409 3608 equestrem
2443 3543 2666 3607 dignita·

1611 3624 1716 3667 tem
1736 3619 2030 3682 spectabat.
2077 3620 2406 3684 Tranquillus
2429 3619 2480 3667 in
2495 3619 2666 3669 Galba

1608 3708 1660 3743 c.
1684 3699 1762 3745 1⁴.
1827 3696 1974 3745 Idem
2011 3696 2077 3746 de
2099 3696 2331 3746 Asiatico
2366 3696 2420 3745 in
2446 3694 2665 3745 Vitellio

1608 3788 1657 3822 c.
1698 3778 1776 3822 12.
1840 3774 1963 3823 Tac.
1999 3774 2140 3823 Hist.
2184 3787 2247 3822 ιι.
2287 3778 2368 3822 57.
2402 3772 2666 3823 Ferratus.

1610 3851 1626 3878 ‘
1651 3849 1910 3900 Aunulum
1937 3850 2160 3899 medium
2183 3847 2411 3898 ordinem
2436 3847 2670 3897 tertium-

1611 3940 1711 3991 que
1750 3926 1892 3993 plebi
1912 3932 1969 3975 et
2002 3927 2234 3989 patribus
2259 3922 2669 3984 inseruere,'.ait

1610 4004 1673 4053 C.
1719 4003 1918 4051 Plinius
1974 4015 2163 4051 xxxn.
2209 4005 2258 4051 9.
2326 4003 2502 4053 Quare
2542 4006 2664 4051 ante

1609 4080 1833 4129 Galbam
1888 4086 1941 4129 et
1985 4080 2098 4143 ejus
2143 4078 2457 4143 temporibus
2498 4078 2666 4142 majus

1611 4169 1879 4204 aureorum
1924 4154 2228 4203 annulorum
2264 4154 2373 4216 jus,
2409 4167 2511 4217 qno
2543 4154 2670 4216 jura

1608 4228 1944 4295 ingenuitatis
1999 4229 2073 4278 sic
2124 4243 2155 4277 a
2191 4228 2426 4292 principe
2471 4228 2669 4278 tributa

1608 4314 1751 4370 sunt,
1793 4314 1854 4359 ut
1888 4305 2226 4371 libertinitas,
2266 4306 2526 4372 lituraque
2565 4314 2671 4355 ser-
