3050 4867
528 316 702 385 4142

527 476 724 542 Regius
744 475 905 526 habet
929 475 1208 538 Optunm:
1238 475 1378 539 quod
1402 476 1593 539 placet.

531 552 718 603 Dictus
758 559 930 602 autem
965 552 1182 614 primum
1221 559 1304 602 est
1345 554 1490 616 Optio
1532 553 1595 616 is,

533 638 684 693 quem
706 626 919 677 decurio
941 628 1244 678 centuriove
1270 636 1477 692 optaret
1498 630 1595 679 sibi

533 717 707 753 rerum
731 724 736 730 -
760 703 1076 766 privatarum
1128 704 1437 768 ministrnm,
1497 721 1597 770 qno

533 778 735 829 facilius
779 778 951 829 officia
1011 780 1223 844 publica
1276 782 1464 843 obiret,
1511 783 1598 846 qui

535 855 657 909 olim
701 863 822 905 ante
866 857 1119 908 Acccms.
1188 859 1392 921 Festus,
1431 859 1600 910 Varro

536 938 594 982 et
617 932 913 982 Marcellus.
968 932 1126 983 Aliud
1151 947 1273 982 vero
1294 942 1602 985 senescente

533 1009 753 1073 imperio
789 1023 974 1059 munus
1009 1009 1212 1073 optionis
1246 1008 1369 1073 fuit,
1391 1011 1458 1061 de
1497 1026 1599 1076 quo

538 1087 729 1151 Veget.
756 1101 819 1136 u.
841 1090 891 1135 7.
915 1093 972 1136 et
1003 1087 1352 1140 Modestinus.
1409 1091 1602 1140 Ver-tra·

536 1164 659 1214 ttius.
725 1162 949 1213 Praeivit
965 1164 1167 1214 eximiis
1188 1165 1312 1213 viris
1335 1166 1602 1217 Plutarch.

535 1242 590 1292 in
628 1242 787 1292 Galb.
839 1240 944 1290 ἕπε
991 1240 1176 1292 τούτοις
1209 1241 1482 1307 Οὐετούριος
1524 1243 1604 1293 καὶ

537 1316 752 1381 Βάρβιος,
774 1316 902 1377 ὁμὲν
922 1315 1111 1366 ὀπτίων.
1177 1316 1252 1366 At
1283 1321 1438 1368 Mem
1475 1333 1604 1383 pace

539 1394 751 1445 doctiss.
774 1394 872 1441 viri
894 1406 996 1442 non
1018 1399 1134 1442 erat
1158 1392 1207 1442 in
1229 1396 1473 1444 eorundem
1493 1410 1603 1444 mu·

541 1468 791 1521 tandum·
873 1483 993 1517 nam
1044 1468 1358 1521 Onomastus
1419 1484 1507 1521 eos
1551 1472 1604 1521 in

540 1556 697 1594 unum
736 1545 906 1594 locum
944 1543 1170 1610 seduxit,
1202 1545 1604 1611 ingentibusque

538 1620 804 1687 promissis
827 1621 877 1670 in
901 1618 1132 1670 futurum
1154 1622 1320 1671 scelus
1344 1622 1604 1674 accendit.

539 1695 837 1759 Saliarium!

604 1775 667 1825 In
684 1777 912 1826 comum·
932 1792 1088 1828 omnes
1122 1778 1273 1841 meta]
1321 1778 1521 1841 Malim,
1554 1779 1607 1827 ia

541 1867 811 1903 comune.-
841 1854 920 1918 (nt
949 1854 1102 1917 paulo
1125 1861 1262 1917 post,
1296 1857 1608 1905 accendendos

540 1930 594 1978 in
636 1946 871 1981 commane
912 1937 1062 1981 ratas.
1098 1932 1393 1981 Rhenanus.
1465 1932 1604 1980 Flor.

542 2006 916 2056 exter-rebantur.
940 2008 1111 2070 Vulgo
1130 2007 1444 2058 terrebuntur.
1458 2008 1606 2059 Picb.

611 2083 743 2131 clu».
778 2087 859 2132 26.
893 2084 1091 2132 Postero
1128 2084 1294 2133 iduum
1333 2083 1434 2146 die]
1490 2084 1607 2133 His·

545 2170 706 2220 panus
747 2157 898 2220 liber,
930 2159 1131 2209 dierum.
1195 2161 1309 2223 Ego
1331 2168 1608 2224 utrumqne

544 2232 841 2283 addititium
901 2241 1052 2298 puto,
1094 2242 1148 2285 et
1187 2241 1374 2300 postero
1419 2235 1611 2299 Iduum,

546 2308 737 2359 scribo.
772 2310 982 2377 Lipsius.

610 2386 807 2435 Postero
853 2387 1026 2437 Iduum
1065 2388 1166 2451 die]
1241 2389 1363 2440 Non
1414 2394 1610 2437 temere

544 2460 665 2510 libr.
691 2469 894 2512 veteres
916 2463 1207 2513 consentire
1230 2462 1538 2513 crediderim
1557 2462 1611 2510 in

546 2534 660 2586 haec
703 2537 881 2601 verba,
931 2544 1114 2601 postero
1177 2539 1349 2589 Iduum
1413 2538 1611 2588 dierunt.

545 2614 846 2664 Praesertim
881 2616 1189 2667 Vaticanum
1228 2623 1283 2667 et
1322 2616 1464 2666 Flor.
1497 2617 1611 2677 Ego

548 2688 721 2753 potius
759 2690 991 2754 suspicor
1024 2691 1402 2755 corrigendum,
1429 2694 1611 2753 postero

549 2764 722 2814 Iduum
754 2767 956 2815 Jnnunr.
1025 2767 1160 2815 Nam
1196 2766 1318 2831 qnid
1354 2766 1611 2815 attinebat

548 2842 745 2905 dicere,
756 2849 943 2906 postero
967 2840 1158 2905 Iduum,
1192 2843 1288 2892 nisi
1308 2843 1456 2906 cnjus
1473 2857 1612 2892 men-

546 2918 618 2968 sis
649 2918 960 2982 adjecisset?
992 2919 1295 2969 Januarium
1316 2933 1439 2967 vero
1474 2933 1614 2967 men·

549 3010 657 3044 sem
678 2994 835 3045 fuisse
872 3002 1097 3055 constat,
1130 3009 1247 3044 cum
1288 2995 1440 3058 paulo
1478 2994 1612 3044 infra

549 3072 711 3135 dicat,
733 3086 896 3124 xvm.
919 3074 1034 3124 Kal.
1058 3071 1288 3121 Februar.
1323 3071 1578 3122 Pichena.

619 3148 850 3203 Quadam
878 3151 1002 3211 apud
1041 3147 1208 3196 Gulboe
1244 3146 1402 3208 aures]
1451 3147 1615 3195 Liber

548 3222 969 3285 manuscriptus:
1019 3225 1234 3286 quoedam
1254 3224 1378 3285 apud
1411 3223 1614 3271 Galbam

549 3299 744 3348 audiens
759 3298 897 3361 praef.
920 3298 1046 3348 Laco
1063 3299 1218 3347 elusit.
1271 3297 1479 3360 Aperta
1499 3314 1613 3348 sen-

554 3376 718 3425 tentia
737 3380 834 3435 est,
854 3389 950 3424 nec
984 3389 1153 3423 cansae
1176 3374 1448 3438 quicquam
1481 3382 1617 3437 erat,

554 3464 647 3500 cur
671 3456 977 3499 mutaretur.
1021 3450 1291 3499 Rhenanus.

619 3525 755 3574 CAP.
788 3530 871 3575 27.
891 3518 1012 3574 ‘Sub
1055 3528 1201 3575 adem
1239 3526 1464 3589 Saturni]
1519 3528 1618 3576 Rc-

554 3602 665 3667 gius
688 3602 874 3666 codex,
907 3604 960 3651 in
995 3605 1142 3652 oedem
1175 3603 1398 3654 Saturni.
1462 3603 1616 3653 Unde

554 3680 831 3730 Rhenanus
876 3678 1040 3740 elicit,
1085 3681 1135 3729 in
1176 3680 1396 3730 Saturni.
1462 3680 1617 3729 Falso

554 3760 791 3818 uterque.
861 3756 1137 3804 Suetonius
1164 3756 1457 3805 convincit:
1492 3760 1547 3804 ut
1569 3771 1619 3804 se

553 3829 606 3878 in
615 3828 747 3893 soro,
768 3829 954 3893 inquit,
969 3829 1052 3878 sub
1075 3832 1173 3879 oede
1204 3830 1404 3881 Saturni
1427 3833 1489 3880 ud
1509 3831 1617 3879 usil-

555 3906 749 3955 liarium
769 3922 966 3956 aureum
988 3909 1330 3971 opperiuntur.
1368 3908 1594 3971 Lipsius.

620 3982 720 4032 Sub
742 3985 889 4032 oedcm
911 3983 1110 4033 Sami
1144 3985 1331 4048 pergit]
1384 3983 1447 4032 In
1485 3983 1619 4033 libro

555 4058 910 4122 manuscripto
930 4060 1139 4122 legitur,
1160 4060 1212 4107 in
1246 4060 1393 4107 cedem
1422 4058 1621 4108 Saturni

550 4135 732 4200 pergit.
799 4136 976 4199 Forte,
1012 4137 1121 4185 inde
1142 4135 1421 4184 ini-Saturni
1440 4135 1619 4198 pergit.

554 4212 802 4279 subaudi,
838 4214 1003 4265 adem.
1037 4212 1330 4265 Rhenanus.
1394 4213 1621 4264 Domum

1233 332 1450 382 1101·AE
1501 330 1919 382 vammum·
1957 334 2039 383 ΙΝ

1666 475 1998 526 Tiberianam
2020 476 2087 526 ad
2110 477 2312 528 radices
2333 476 2567 529 Palatini
2593 488 2740 528 taoni

1673 554 1740 600 tis
1762 551 1941 617 fnisse,
1957 553 2227 604 didicimus
2251 570 2316 604 ex
2334 555 2556 604 inventis
2572 568 2738 619 nuper

1671 630 1725 677 in
1759 644 1823 679 eo
1860 631 1977 680 loco
2012 630 2216 680 laminis
2243 632 2495 694 plumbeis
2517 645 2635 680 cum
2658 632 2738 680 in·

1674 705 1958 769 scriptione
1978 705 2167 755 Tiberii
2190 707 2429 756 Caesaris.
2494 707 2736 757 Tacitum

1675 787 1847 830 autem
1890 782 2149 831 illustrant
2192 782 2351 832 verba
2388 784 2624 833 Suetonii
2669 785 2738 834 de

1675 856 1857 906 eadem
1893 870 1985 909 re:
2043 860 2150 909 ‘Ut
2190 860 2240 908 in
2281 859 2395 910 foro
2430 861 2526 910 sub
2554 862 2739 911 'aedem

1675 932 1884 983 Saturni
1921 933 1987 983 ad
2024 934 2303 985 Miliarium
2345 951 2555 986 aureum
2578 951 2740 1001 oppe-

1676 1008 1940 1071 rirentur‚'
1959 1012 2060 1060 &c.
2115 1013 2186 1062 Et
2208 1019 2369 1063 recte.
2413 1014 2548 1063 Nam
2569 1013 2740 1064 forum

1679 1085 1829 1135 Rom.
1854 1086 1949 1135 snb
1980 1087 2094 1136 aede
2116 1088 2325 1138 Saturni
2360 1088 2461 1140 fuit
2482 1105 2545 1140 ea
2568 1097 2740 1154 parte,

1679 1177 1793 1226 quae
1816 1169 1897 1211 est
1916 1161 2055 1213 inter
2074 1178 2247 1214 arcem
2267 1166 2535 1229 Tarpeiam
2559 1173 2613 1216 et
2635 1167 2741 1216 Pa·

1678 1236 1894 1287 latinum
1954 1245 2202 1302 montem,
2254 1248 2311 1289 ut
2366 1256 2432 1290 ex
2488 1241 2738 1305 Dionysio

1681 1314 1836 1363 etiam
1859 1315 2086 1378 apertius
2109 1322 2330 1366 constat.
2385 1317 2522 1368 Quin
2544 1325 2602 1367 et
2623 1319 2740 1381 ipsa

1680 1389 1889 1440 Saturni
1913 1390 2052 1440 aedes
2082 1391 2290 1455 Tarpeii
2324 1394 2513 1442 montis
2535 1393 2739 1443 radices

1682 1465 1996 1531 attingebat,
2016 1474 2076 1516 ut
2108 1482 2177 1516 ex
2206 1468 2373 1516 veteri
2410 1468 2741 1532 inscriptione

1681 1542 1747 1591 de
1782 1543 1982 1595 AErario
2015 1544 2090 1594 ibi
2131 1551 2343 1608 reperta
2382 1543 2741 1609 intelligimus.

1681 1617 1817 1669 Infr.
1838 1620 1931 1670 lib.
1957 1633 2044 1670 ln.
2068 1623 2084 1649 ⁴
2105 1620 2225 1670 Cito
2249 1620 2454 1684 agmine
2468 1621 2532 1669 ad
2550 1619 2741 1682 forum,

1681 1704 1738 1747 et
1771 1698 2092 1748 imminentia
2133 1698 2246 1749 foro
2291 1701 2485 1764 templa
2524 1706 2742 1763 praeterz

1680 1774 1819 1823 vecti
1841 1773 1875 1823 :⁹
1910 1781 1966 1824 et
2000 1788 2141 1837 supr.
2182 1773 2270 1825 lib.
2311 1787 2413 1824 κη.
2471 1777 2487 1803 ‘
2514 1775 2623 1823 Per
2639 1774 2742 1826 ima

1680 1849 1869 1898 montis
1896 1849 2124 1899 Palatini
2158 1849 2224 1898 ad
2248 1864 2388 1899 aram
2426 1851 2601 1915 Consi,
2620 1864 2740 1900 mox

1680 1926 1746 1975 ad
1770 1926 1952 1975 Curias
1977 1933 2198 1987 veteres,
2228 1932 2335 1975 tum
2382 1925 2447 1974 ad
2480 1926 2743 1976 Sacellum

1681 2002 1908 2065 Larium,
1951 2003 2243 2067 Forumqne
2280 2003 2587 2064 Romanum,
2626 2002 2746 2053 &cl

1682 2078 1893 2128 Larium
1914 2077 2051 2126 enim
2068 2078 2325 2127 Sacellum
2346 2076 2508 2127 fuisse
2531 2079 2583 2127 in
2607 2093 2746 2128 snm·

1683 2168 1765 2204 ma
1801 2169 1953 2205 sacra
1985 2155 2086 2217 via,
2115 2168 2217 2219 qua
2253 2162 2401 2219 parte
2439 2152 2555 2204 foro
2592 2156 2742 2208 Rom.

1672 2233 2011 2297 jungebatur,
2052 2231 2237 2281 scribit
2278 2231 2483 2282 Solinus
2510 2247 2626 2297 cap.
2661 2237 2743 2283 ll.

1689 2309 1904 2357 Ursinus.

1753 2385 1876 2434 Pars
1893 2386 2091 2434 clamore
2112 2390 2160 2434 et
2171 2386 2367 2449 gladiis,
2402 2401 2519 2450 pars
2537 2385 2747 2450 silentio]

1684 2460 1912 2510 Faernus
1933 2461 2161 2524 legebat,
2197 2472 2311 2525 pun
2342 2463 2543 2511 clamore
2561 2468 2610 2511 et
2625 2478 2745 2525 gua-

1683 2537 1794 2587 diis.
1816 2537 2053 2587 Ursinus.
2088 2537 2277 2602 Inepta
2296 2538 2381 2586 hic
2407 2553 2523 2597 vox,
2538 2538 2716 2600 gheliic
2732 2555 2749 2587 .-

1685 2613 1875 2676 scribe,
1882 2613 2088 2675 gaudiis.
2134 2613 2220 2663 Ita
2240 2614 2338 2662 sibi
2358 2621 2500 2663 recte
2516 2614 2747 2664 membra

1684 2688 1931 2737 orationis
1966 2688 2301 2752 respondent.
2366 2691 2440 2738 Ut
2473 2690 2668 2738 clami-i
2687 2690 2752 2738 si-

1682 2765 1880 2813 lentiam
1919 2765 2154 2827 opponit,
2193 2765 2267 2814 sic
2295 2766 2491 2827 gaudiis
2512 2766 2745 2816 habitum

1685 2841 1842 2889 animi
1875 2841 2042 2890 adhuc
2072 2841 2255 2905 quieti,
2275 2849 2330 2890 et
2368 2858 2433 2891 ex
2466 2851 2657 2893 eventu
2691 2858 2748 2893 se

1686 2920 2011 2968 commoturi.
2078 2920 2285 2968 Gaadiis
2316 2928 2372 2968 et
2397 2921 2634 2970 Muretus
2657 2937 2747 2972 no·

1689 3000 1905 3044 taverat.
1924 2993 2185 3044 Acidaliae.
2221 2995 2460 3045 Muretus
2474 3008 2576 3045 non
2594 3001 2749 3062 male,

1687 3075 1734 3120 et
1768 3071 1979 3131 gaudiis.
2047 3071 2149 3121 Sed
2187 3069 2412 3121 fortasse
2454 3074 2658 3136 melius,
2699 3081 2749 3125 st

1682 3146 1875 3209 gaudio.
1940 3146 2027 3197 Sic
2065 3148 2154 3197 lib.
2185 3163 2293 3213 seq.
2360 3150 2601 3215 {vulgus
2629 3166 2751 3215 qno·

1676 3238 1791 3286 ⁴que
1827 3223 2047 3273 militum
2085 3225 2309 3274 clamore
2349 3232 2404 3275 et
2442 3227 2631 3290 gaudio
2659 3228 2749 3277 de·

1688 3297 1903 3349 flectere
1928 3298 2048 3350 via!
2084 3300 2311 3350 Pit-liena.

1754 3376 1978 3424 Animum
2017 3390 2078 3424 ex
2128 3382 2297 3425 eventa
2347 3378 2602 3442 sumpturi]
2664 3378 2753 3428 Ita

1692 3451 2249 3514 Flor.ango,um‘mos.
2295 3452 2459 3502 Idem.
2558 3454 2565 3461 '

1756 3530 1891 3579 CAP-
1939 3533 2022 3577 29.
2074 3530 2273 3579 Tentare·
2309 3530 2545 3594 animam]
2608 3530 2755 3580 Libri

1691 3604 1803 3654 fere
1837 3607 2131 3668 pertentari:
2179 3620 2246 3656 ex
2271 3622 2371 3671 qno
2405 3620 2519 3672 ego,
2547 3613 2754 3670 maten-

1691 3680 1807 3730 tari.
1841 3681 2068 3744 Lipsius.
2204 3720 2209 3731 .
2738 3702 2749 3719 ⁴

1758 3756 2033 3805 Per-tentari
2066 3756 2275 3807 aninum
2309 3757 2533 3822 colim]
2574 3757 2750 3821 Scrip-

1694 3831 1864 3895 simns,
1924 3835 2102 3882 cenem-i
2164 3850 2244 3884 an.
2287 3835 2390 3884 coli.
2457 3835 2757 3885 Rhenanus.

1694 3909 1888 3973 Scripsi
1922 3913 2187 3972 pertentari
2225 3926 2291 3959 ex
2334 3912 2474 3962 Flor.
2519 3926 2581 3960 ac
2616 3913 2751 3963 Veu.

1691 3985 1778 4035 Sic
1819 3987 1971 4049 paulo
2009 4001 2198 4050 supra:
2235 3991 2251 4016 ‘
2277 3988 2400 4037 data
2434 3988 2652 4052 pecunia
2685 3987 2754 4039 ad

1692 4062 2067 4124 pen-tentandos
2091 4061 2310 4125 plurium
2348 4062 2579 4115 animos!
2612 4062 2752 4115 Anu.

1693 4136 1781 4186 lib.
1820 4150 1897 4186 tv.
1946 4139 1962 4166 ‘
1987 4151 2139 4200 quem
2181 4137 2404 4186 accitum
2445 4144 2501 4188 et
2534 4137 2753 4187 divensis

1693 4213 2016 4267 sermonibus
2038 4215 2428 4280 pertentatum-⁸
2459 4215 2688 4271 Pecs-sn.
