3050 4867
1132 406 1199 455 o.
1244 406 1311 457 o.
1353 404 1642 458 'um-rr.
2326 390 2511 463 4⁵31»

300 550 458 623 1760
494 552 750 628 Parisiis,
782 564 881 621 19.
920 561 940 593 ⁸
961 555 1035 619 C.
1078 556 1261 618 Corn.
1307 556 1509 618 Taciti
1537 574 1676 637 quae
1711 560 1950 618 exstant
1996 555 2222 636 Opera.
2267 556 2505 622 Recen-

375 650 493 710 suit
530 652 588 713 J.
630 650 712 711 N.
762 650 1124 713 Lallemsnd.
1171 652 1355 714 l'aris.
1399 654 1563 734 typis
1606 655 1667 714 J.
1717 651 2005 713 Barbou.'
2059 668 2173 713 111.
2218 654 2509 727 voll.3Re-

374 745 534 825 cepit
563 746 612 805 is
638 747 917 807 lectiones
948 749 1259 827 plerusque
1288 748 1413 809 ΜΒ.
1471 748 1664 828 Regii,
1708 747 2033 828 praesertim
2059 768 2196 829 que
2221 767 2362 811 eum
2403 751 2507 817 ed.

373 842 633 902 omnium
677 843 947 924 principe
994 846 1434 923 conspirabant,
1463 846 1704 926 suisque
1736 855 2040 910 auctorem
2066 847 2228 911 notis
2254 846 2509 914 inutra-

379 936 485 997 vit.
568 938 785 1000 Omisit
818 939 972 1001 Dial.
1012 939 1091 999 de
1120 940 1499 1002 Oratoribus.

300 1032 457 1107 1769
494 1033 655 1097 ibid:
688 1034 909 1096 Eadem
928 1035 1177 1114 repetita
1205 1055 1306 1116 sp.
1348 1022 1533 1097 eund.

304 1134 449 1197 1771
499 1128 748 1202 Parisiis,
805 1142 863 1190 4.
935 1130 1077 1207 maj.
1139 1138 1159 1165 ⁸
1181 1131 1251 1192 C.
1317 1131 1498 1191 Corn.
1553 1131 1754 1194 Taciti
1807 1135 2033 1214 Opera,
2080 1156 2217 1217 qun
2243 1144 2500 1201 exstant.

375 1224 769 1307 Recognovit,
797 1227 1155 1299 emendavit,
1186 1227 1616 1307 supplementis
1661 1230 1941 1310 explevit,
1994 1232 2168 1305 notis,
2196 1233 2514 1296 dissertati-

380 1321 620 1395 onibus,
649 1322 869 1383 tabulis
893 1324 1302 1403 geographicis
1330 1324 1643 1385 illustravit
1675 1327 1924 1388 Gabriel
1948 1328 2219 1390 Brotier.'
2247 1345 2341 1391 ιν.
2371 1330 2515 1396 voll.
2547 1382 2562 1395 .

375 1419 659 1489 Quamvis
679 1419 808 1480 haec
834 1421 1026 1481 editio
1052 1440 1269 1501 magno
1294 1433 1511 1483 conatu
1542 1422 1812 1485 instituta
1851 1423 2135 1498 ridentur,
2187 1444 2513 1506 omnesque

374 1513 660 1595 elegantis
685 1526 750 1577 et
776 1517 967 1595 pastio
994 1530 1252 1597 superet,
1297 1519 1453 1586 haud
1485 1530 1686 1587 tamen
1707 1540 1782 1581 eo
1826 1520 2268 1584 desiderabilior
2321 1522 2509 1597 fucta,

377 1610 490 1673 nisi
516 1611 606 1685 iis,
636 1613 852 1692 quibus
878 1612 1102 1674 divitia
1149 1615 1476 1677 abundant.
1515 1616 1772 1678 Textum
1813 1617 2366 1680 Ernestiisubinde
2408 1638 2503 1680 se·

373 1707 595 1786 quitur,
643 1711 898 1771 subinde
943 1719 1200 1772 veterem
1237 1710 1319 1771 ab
1353 1729 1427 1771 eo
1452 1720 1656 1780 tuetur
1676 1711 2009 1782 lectionem,
2039 1711 2290 1774 subinde
2316 1720 2509 1775 mutat

381 1803 716 1865 audentius.
774 1812 794 1839 ‘
815 1805 994 1867 Nota
1055 1806 1168 1867 sub
1220 1815 1384 1868 textu
1446 1811 1626 1879 sunt,'
1681 1807 1898 1885 judice
1923 1836 1930 1845 ·
1953 1808 2247 1882 Emestio,
2305 1815 2328 1844 ‘
2356 1809 2514 1870 sient

302 1930 307 1936 ·
378 1902 692 1964 Alemanni
744 1902 1067 1982 pleraque,
1141 1903 1434 1966 tironibus
1508 1903 1788 1985 seriptaet
1856 1903 1935 1965 ad
2016 1906 2247 1967 calcem
2307 1904 2506 1985 operis

381 2008 520 2061 sunt
544 1998 843 2079 longiores
888 2000 1168 2074 derebus,
1210 2020 1371 2080 saepe
1399 2010 1505 2080 per
1536 2001 1742 2080 longas
1770 2000 2199 2081 disputationes
2227 1994 2514 2074 tractatis,

375 2096 439 2156 in
486 2096 704 2176 quibus
751 2098 1050 2177 pleraeque
1097 2107 1235 2159 sunt
1278 2098 1395 2158 loci
1444 2098 1521 2158 de
1559 2097 2032 2177 antiquitatibus,
2080 2097 2225 2158 item
2262 2096 2514 2172 critice,

312 2210 317 2215 ·
374 2193 436 2254 in
489 2193 709 2274 quibus
756 2193 1005 2255 varietas
1056 2193 1376 2256 lectionum
1420 2194 1689 2266 traditur,
1739 2203 1801 2255 et
1831 2193 2129 2272 judicium
2175 2193 2254 2255 de
2278 2194 2350 2254 iis
2372 2212 2512 2273 pro-

374 2289 658 2368 ponitur.’
728 2291 880 2351 utut
937 2310 1079 2352 vero
1146 2301 1307 2354 notoe
1373 2290 1625 2353 subinde
1686 2291 1882 2353 minus
1925 2291 2121 2370 digua
2180 2288 2513 2364 videantur,

378 2385 538 2447 baud
569 2395 764 2448 tamen
794 2407 1042 2467 semper,
1067 2386 1393 2467 prasertim
1420 2387 1480 2447 in
1516 2386 1773 2465 judicio,
1820 2386 1916 2447 vel
1945 2387 2144 2448 nescio
2178 2405 2300 2466 quo
2344 2405 2517 2447 sensu

377 2482 454 2544 de
497 2484 668 2545 lectt.
738 2503 890 2545 varr.
943 2484 1103 2545 cedit
1144 2485 1229 2553 iis,
1287 2482 1505 2565 quibus
1560 2481 1811 2542 nimium
1863 2479 2335 2561 reprehenditur.
2397 2478 2518 2542 Sed

300 2598 311 2615 ‘
376 2579 440 2640 iu
485 2589 605 2640 tam
660 2581 972 2661 splendido
999 2600 1178 2661 opere
1216 2581 1482 2660 oportuit
1506 2577 1652 2640 nibil
1694 2578 1904 2659 reliqui
1923 2578 2052 2641 fieri
2094 2578 2174 2639 ad
2226 2574 2521 2657 diligenti·

377 2695 472 2737 am
498 2677 868 2739 emendandi.
909 2678 1203 2739 Taeemus
1243 2677 1381 2739 alia.

298 2774 658 2845 2-Berolini,
712 2784 770 2836 8.
812 2792 885 2834 ex
910 2794 1034 2835 reo.
1078 2776 1303 2836 Ernest.
1345 2792 1483 2837 cum
1512 2770 1693 2835 Indd.
1731 2772 1897 2834 verb.
1935 2778 1999 2833 et
2022 2789 2234 2834 rerum.

304 2877 460 2939 1772
501 2870 740 2952 Lipsiae,
770 2879 806 2932 8
838 2871 980 2950 maj.
1026 2872 1146 2933 ’.Ο
1188 2871 1370 2932 Corn.
1420 2868 1620 2930 Taciti
1664 2869 1888 2948 Opera,
1936 2867 2147 2928 iterum
2197 2861 2517 2934 recensuit,

376 2976 557 3027 notas
602 2968 857 3046 integras
885 2967 943 3026 J.
986 2966 1194 3047 Lipsii,
1232 2967 1291 3026 J.
1334 2965 1401 3026 Γ.
1445 2962 1758 3037 Gronovii,
1800 2964 1940 3024 Nic.
1983 2960 2211 3023 Heinsii
2263 2967 2360 3018 et
2376 2975 2518 3018 suas

377 3061 611 3130 addidit
647 3066 744 3125 Jo.
786 3066 942 3142 Aug.
983 3063 1239 3124 Emesti.
1284 3061 1449 3140 Lips.
1490 3079 1592 3140 ap.
1633 3059 2005 3121 Weidmsnni
2053 3055 2255 3118 bered.
2298 3062 2364 3114 et
2383 3051 2521 3113 Rei-

298 3176 311 3189 ·
379 3159 620 3220 chium:
661 3176 743 3220 11.
781 3159 922 3219 voll.
993 3159 1156 3229 Quid
1226 3164 1589 3237 quantumve
1641 3155 1786 3215 boni
1837 3153 2037 3215 denuo
2090 3146 2408 3213 contulerit
2457 3147 2521 3208 in

296 3274 307 3285 ·
347 3255 685 3327 ·Tacitum,
722 3264 782 3314 et
804 3273 979 3332 suprs
999 3256 1129 3332 jam
1156 3253 1473 3331 attigimus,
1502 3260 1568 3311 et
1593 3251 1714 3329 ipse
1742 3249 1950 3312 docuit
1975 3249 2037 3309 in
2072 3245 2244 3308 Proef.
2290 3264 2358 3326 p.
2402 3252 2511 3307 34-

377 3363 483 3426 47.
524 3353 827 3415 Doctrina
856 3359 1020 3413 certe
1057 3349 1420 3430 plenissima,
1450 3346 1558 3408 sed
1585 3365 1703 3407 non
1733 3347 1954 3428 pariter
1971 3363 2044 3403 ac
2062 3341 2266 3404 decuit
2289 3359 2327 3401 a
2347 3357 2512 3402 men-

382 3449 478 3510 dis
499 3458 834 3529 repurgata.

306 3543 465 3619 1776
503 3546 761 3617 Parisiis,
795 3554 891 3606 12.
931 3543 1004 3604 C.
1048 3542 1226 3603 Corn.
1266 3540 1470 3602 Taciti
1517 3542 1743 3620 Opera,
1773 3533 2223 3620 supplementis,
2270 3530 2427 3594 notis
2454 3542 2518 3596 et

375 3641 695 3704 dissertatt.
752 3638 1074 3700 illustravit
1125 3636 1316 3700 Gabr.
1379 3637 1632 3699 Brotier.
1674 3636 1856 3698 Paris.
1909 3653 2011 3716 ap
2055 3630 2315 3711 Merigot
2355 3629 2517 3710 -'jun.

296 3753 309 3765 ’
384 3739 698 3800 v11.voll.

308 3844 470 3907 1777
518 3834 832 3913 Herbipoli
859 3843 921 3895 et
946 3832 1176 3906 Puldae,
1210 3841 1270 3895 8·.
1313 3833 1435 3894 ‘C.
1475 3833 1661 3893 eom.
1687 3829 1888 3891 Taciti
1912 3831 2139 3909 Opera,
2160 3827 2238 3889 ad
2265 3827 2523 3908 optimas

379 3932 933 4012 recentissimasque
959 3929 1249 3992 editiones
1302 3928 1739 3991 accuratissime
1766 3926 2014 3988 collatas
2034 3924 2330 3987 recusa.}1
2367 3921 2524 3984 erbi-

304 4044 313 4053 ·
379 4028 507 4109 pol.
546 4038 611 4090 et
638 4028 864 4099 Puldae,
893 4026 1037 4108 imp.
1080 4035 1147 4088 et
1172 4026 1331 4107 typis
1357 4027 1457 4088 lo.
1498 4025 1641 4086 Jac.
1683 4023 1909 4095 Stabel,
1938 4022 2112 4084 Univ.
2156 4019 2419 4100 Bibliop.
2457 4024 2522 4080 et

378 4124 957 4206 Typogr.'—-Editio
1020 4124 1453 4202 castigationis,
1510 4141 1692 4201 quam
1744 4120 1947 4181 titulus
2000 4117 2300 4191 mentitur,
2347 4115 2526 4196 plane

377 4234 629 4300 expers:
671 4238 980 4300 operarum
1008 4220 1164 4282 vitiis
1188 4228 1410 4282 scatets
1452 4218 1730 4298 turpioris
1756 4216 2001 4278 ebone.

307 4317 1043 4400 17790t1730mpontim
1065 4333 1115 4381 ι.
1148 4327 1207 4382 8.
1228 4316 1377 4397 maj.
1396 4317 1501 4379 ⁸0.
1524 4316 1708 4379 Corn.
1734 4313 1937 4377 Taciti
1959 4313 2183 4397 Opera,
2201 4308 2533 4375 cummi-ie·
