3050 4867
492 386 670 458 3862

494 552 746 617 tinentur,
782 558 840 603 nt
860 550 934 602 ait
956 552 1016 602 1..
1071 550 1149 600 Ut
1178 548 1463 614 Alpbenns.
1486 550 1552 599 de

498 628 644 678 verb.
683 626 857 692 signif.
900 629 967 678 D.
1004 627 1204 675 Plinius
1236 642 1439 692 quoqne
1479 627 1556 676 ita

500 703 829 767 accipiendus
865 710 947 752 est
986 704 1018 752 l.
1040 718 1090 751 v.
1111 707 1193 752 21.
1225 704 1240 730 ‘
1274 699 1556 751 Antiochia

500 777 682 843 libera,
771 778 1075 842 Epidapline
1161 777 1553 841 cognominata.'

501 857 655 909 Quod
699 857 882 905 scribit
926 855 991 904 ad
1042 853 1386 905 differentiam
1439 855 1555 918 ejus

503 931 815 993 Antiochiae,
852 947 966 995 quie
1003 932 1057 979 in
1090 929 1471 995 Mesopotamia
1501 935 1559 978 et

507 1006 733 1058 Cilicia..
770 1006 1013 1057 Aurelius.

572 1084 851 1132 emeretur
909 1081 1115 1146 clypeus]
1157 1079 1187 1110 *
1231 1079 1403 1130 vultus
1450 1080 1560 1144 ejus

512 1158 677 1222 imago
695 1156 728 1207 ς’
758 1165 814 1208 et
852 1156 1017 1207 infra:
1066 1159 1082 1186 ‘
1119 1157 1269 1220 Rogo
1312 1164 1562 1220 quantum

508 1235 732 1299 pretinm
755 1240 839 1283 est
859 1233 1087 1298 clypeus
1109 1234 1163 1281 in
1194 1232 1365 1282 curia?
1399 1239 1561 1283 tantm

508 1309 758 1371 victoriae,
780 1316 989 1373 quantae
1022 1316 1125 1357 una
1162 1322 1321 1357 aurea
1355 1309 1564 1357 statua.’

516 1383 811 1434 Ver-tranium
880 1385 963 1432 De
1003 1383 1101 1433 bac
1140 1383 1313 1447 clypei
1340 1383 1565 1446 ponendi

510 1461 906 1522 consuetudine,
959 1467 1015 1509 et
1080 1460 1282 1524 quando
1344 1460 1564 1524 primum

512 1536 701 1600 Clypei
760 1536 1032 1598 imaginum
1083 1536 1309 1599 publice,
1362 1535 1566 1599 quaudo

512 1612 563 1660 in
589 1611 821 1663 domibus
853 1611 1028 1673 positi,
1062 1611 1287 1676 itemque
1312 1611 1379 1674 de
1418 1610 1567 1659 aereis

517 1687 725 1752 Clypeis
770 1701 887 1735 cum
933 1687 1193 1750 argenteis
1241 1685 1571 1749 imaginibus,

514 1761 766 1811 videndus
789 1761 931 1810 Pliu.
961 1774 1136 1811 xxxV.
1170 1766 1220 1812 2.
1243 1769 1297 1811 et
1319 1766 1367 1811 3.
1429 1760 1570 1810 Addi

517 1843 690 1900 potest
736 1837 881 1886 loeus
939 1851 1005 1885 ex
1048 1837 1282 1887 oratione
1324 1849 1427 1886 xit.
1465 1837 1573 1886 Ha-

519 1912 684 1962 driani
725 1912 862 1975 Imp.
905 1927 1059 1976 quem
1104 1911 1267 1962 refert
1311 1913 1573 1962 Charisius

516 1988 553 2037 l.
578 2001 658 2036 xi.
713 1990 729 2016 ‘
752 1987 954 2049 Divus:
988 1987 1176 2053 inquit,
1227 1988 1243 2014 ‘
1278 1987 1574 2038 Hadrianus

518 2063 809 2113 orationum
832 2076 936 2111 xu.
993 2062 1040 2112 A
1063 2062 1223 2125 vobis,
1251 2064 1316 2113 P.
1340 2063 1413 2125 C..
1432 2069 1578 2127 peto,

521 2143 578 2204 et
605 2139 942 2202 impetratum
976 2139 1285 2189 validissime
1316 2140 1490 2203 cupio,
1519 2144 1578 2187 ut

522 2214 756 2276 proxime
810 2214 1084 2277 imaginem
1134 2215 1355 2278 Augusti
1399 2228 1580 2277 argen-

524 2296 664 2338 teum
690 2289 858 2353 potius
882 2290 1132 2353 Clypeum
1173 2290 1307 2340 sicut
1343 2289 1582 2354 Augusto

524 2364 763 2430 ponatis,’
807 2369 904 2415 dte.
986 2364 1161 2430 Atque
1220 2365 1304 2415 hic
1361 2366 1472 2430 ipse
1516 2381 1584 2415 ex

527 2448 739 2505 argento
764 2442 989 2504 Clypeus
1030 2441 1260 2506 signatus
1291 2449 1372 2491 est
1403 2442 1456 2490 in
1474 2442 1587 2505 plu-

529 2517 672 2566 ribus
698 2514 920 2580 Augusti
951 2517 1172 2567 denariis
1211 2533 1326 2567 cnm
1369 2518 1588 2581 iuscrip-

530 2593 692 2656 tione,
728 2592 856 2642 Cnv.
891 2594 987 2643 boc
1023 2600 1121 2657 est,
1156 2594 1421 2652 eursu,
1458 2594 1590 2644 anti·

535 2684 638 2733 qua
678 2668 956 2732 scriptura,
1015 2680 1075 2721 ut
1129 2671 1263 2721 Sallu
1308 2684 1399 2734 pro
1442 2669 1592 2732 Sylla,

531 2743 632 2793 nisi
673 2743 811 2794 forte
854 2746 943 2809 sit,
993 2747 1089 2796 Cr..
1137 2763 1187 2797 v.
1232 2761 1323 2811 pro
1364 2748 1594 2810 clypeus

535 2820 761 2870 votivus.
795 2820 1067 2870 Praeterea
1083 2822 1343 2871 Pedianus
1364 2823 1416 2870 in
1439 2824 1591 2873 Verr.

532 2896 666 2947 l.x1.
712 2896 915 2957 For-nix,
948 2897 1128 2961 inquit,
1172 2897 1414 2947 Fabianus
1433 2913 1593 2959 arem,

535 2974 616 3034 ἃς.
689 2969 864 3036 Atque
906 2972 1196 3036 hujusmodi
1231 2980 1382 3022 scuta
1422 2974 1476 3022 iu
1515 2987 1594 3021 ar-

537 3054 728 3113 genteo
761 3050 970 3100 denario
1017 3051 1092 3100 M.
1125 3051 1311 3115 Lepidi
1349 3052 1596 3101 columnis

539 3129 783 3179 Basilicas
838 3128 1054 3179 AEmilioe
1109 3129 1264 3180 affixa
1339 3129 1598 3182 videntur.

538 3204 815 3254 Suetonius
853 3205 905 3253 in
951 3205 1098 3267 Caio,
1139 3210 1220 3256 16.
1261 3206 1278 3234 ‘
1312 3206 1449 3256 inter
1482 3208 1599 3258 reli·

541 3294 669 3346 quos
722 3279 937 3330 honores
975 3280 1218 3331 decretus
1262 3288 1343 3331 est
1373 3284 1598 3348 clypeus

543 3368 749 3417 aurens,
793 3370 945 3420 quem
996 3358 1268 3421 quotannis
1318 3366 1464 3409 certo
1510 3359 1598 3409 die

542 3430 761 3494 collegia
803 3431 1127 3481 sacerdotum
1187 3433 1241 3482 in
1286 3434 1596 3498 Capitolium

542 3505 776 3556 ferrent.’
839 3507 1135 3557 Trebellius
1171 3509 1340 3559 Pollio
1373 3511 1424 3558 in
1449 3512 1599 3561 Clau-

545 3584 649 3648 dio,
687 3586 704 3613 ⁴
747 3584 997 3646 Claudio,’
1064 3586 1250 3650 inquit,
1319 3587 1335 3614 ‘
1372 3588 1598 3651 Clypens

547 3675 733 3729 aureus
756 3671 966 3710 senatus
989 3662 1143 3711 totins
1169 3662 1371 3726 judicio
1405 3665 1456 3713 in
1494 3663 1601 3714 Ro-

544 3751 697 3787 mana
726 3739 871 3787 curia
904 3738 1186 3788 collocatus
1211 3738 1327 3801 eat:
1358 3743 1456 3791 διο.
1516 3741 1603 3789 De

547 3813 748 3877 Clypeo
769 3814 1024 3878 Scipionis
1060 3828 1177 3864 cum
1201 3817 1418 3880 imagine
1442 3817 1603 3879 patris

548 3896 605 3939 et
643 3891 814 3952 patrui
858 3888 1111 3938 videndus
1165 3890 1318 3939 Silius
1366 3892 1603 3953 Italicus,

544 3968 584 4017 l.
622 3972 671 4018 7.
745 3969 960 4016 Ursinus.
1050 3968 1272 4030 Egregia
1326 3969 1483 4018 multa
1537 3970 1603 4017 de

546 4044 744 4108 clypeis
782 4045 891 4091 istis
919 4044 1130 4092 Ursinus
1154 4054 1201 4090 vt
1244 4045 1460 4106 Lipsius,
1483 4060 1605 4108 qno·

550 4133 664 4171 rum
697 4120 1057 4179 monumentis,
1101 4119 1259 4168 adnuat
1303 4119 1427 4166 hcet
1474 4121 1605 4169 anti·

550 4196 747 4260 quarite
825 4196 899 4245 rei
973 4201 1142 4257 mysta
1213 4196 1607 4258 lnscriptionem

553 4286 705 4323 unam
723 4272 1062 4338 alteramque,
1095 4286 1313 4339 quarum
1342 4272 1455 4324 brec
1474 4287 1612 4324 com-

1190 406 1410 457 κοτε
1462 396 1863 458 unionum
1909 407 1991 457 m

1627 555 1782 614 paret
1805 550 1858 599 in
1881 548 2053 612 operis
2074 548 2264 612 integri
2291 561 2410 612 pag.
2427 551 2541 600 496.
2561 551 2619 612 4,
2636 550 2691 599 G.

1627 624 1717 673 illa
1742 628 1854 685 172,
1875 629 1926 674 2.
1996 625 2246 675 Gruterus.

1695 703 1904 751 Gnaeum
1929 702 2202 751 Germanici
2222 701 2500 766 appellavit]
2568 704 2692 754 Mos

1629 778 1747 828 olim
1793 788 2056 840 receptus,
2109 778 2309 826 lionoris
2346 792 2521 839 causa,
2551 777 2694 828 bem

1630 856 1950 911 meritorum,
1991 854 2223 916 inprimis
2243 856 2565 919 Principum,
2603 870 2699 906 no-

1633 931 1767 979 mina
1790 931 1852 979 iis
1873 930 2029 979 etiam
2063 929 2241 979 indere
2275 932 2449 991 rebus,
2475 947 2697 995 quarum

1633 1005 1972 1069 frequentior,
2021 1019 2083 1054 ac
2122 1006 2174 1055 in
2220 1008 2443 1070 cujusvis
2484 1022 2592 1068 ore,
2634 1014 2695 1059 et

1634 1089 1947 1146 perpetuum
1989 1080 2100 1130 fere
2137 1082 2205 1130 ob
2247 1096 2393 1131 nsum
2435 1089 2692 1145 perpetua

1636 1163 1829 1209 mentio
1866 1167 1966 1222 est,
2010 1168 2068 1208 ut
2108 1159 2325 1222 legibus,
2358 1160 2587 1222 urbibus,
2622 1159 2700 1207 le-

1635 1235 1887 1298 gionibus,
1922 1236 2120 1295 turmis,
2139 1240 2238 1284 &c.
2267 1284 2277 1294 ,
2305 1236 2374 1284 Et
2415 1235 2568 1284 bodie
2607 1235 2701 1285 ob·

1636 1318 1890 1361 servatur.
1959 1312 2164 1360 Militiae
2204 1310 2486 1360 celebriora
2518 1323 2703 1373 opera,

1638 1387 1841 1438 bellica
1874 1401 2050 1449 naves,
2082 1389 2285 1451 aliaque
2300 1387 2704 1450 ejusmodi,tan·

1638 1470 1809 1513 torum
1831 1464 2090 1514 hominnm
2126 1463 2413 1512 nominibus
2444 1462 2579 1524 apud
2605 1476 2702 1511 nos

1640 1538 1866 1602 aliosque
1897 1538 2258 1602 insigniuntur.
2313 1538 2631 1587 Bethor-nias.

1706 1614 1839 1664 Car.
1851 1618 1933 1663 85.
1947 1616 2088 1677 Apud
2099 1615 2284 1663 AEds'les
2293 1612 2592 1675 misceant]
2607 1613 2710 1661 Mi-

1640 1704 1737 1739 nus
1755 1694 2002 1752 expressa
2019 1690 2156 1753 apud
2172 1689 2297 1738 alios
2312 1688 2532 1751 vestigia
2548 1688 2706 1751 liujus

1643 1767 1797 1816 moris
1818 1783 1831 1814 ε
1869 1781 1981 1829 quse
2005 1766 2087 1814 hic
2109 1766 2162 1813 in
2180 1765 2364 1817 Tacito
2379 1764 2541 1813 clara.
2558 1762 2588 1791 ¹⁵

1721 1843 1914 1891 Exacta
1963 1849 2012 1890 et
2054 1858 2085 1891 a
2134 1840 2338 1903 Titidio]
2403 1838 2711 1891 veru-anius

1645 1922 1889 1968 amma:
1913 1917 1998 1968 cui
2015 1917 2265 1967 adsentio.
2319 1916 2525 1978 Lipsius.
2557 1914 2713 1965 Faer-

1646 2009 1742 2044 nus
1799 1994 2026 2043 addebat
2077 2005 2276 2052 vocem,
2340 1992 2483 2055 ratio,
2541 1998 2599 2041 et
2640 1991 2713 2039 le·

1649 2070 1834 2134 gebat:
1873 2071 2062 2119 Exacto
2104 2074 2153 2118 et
2205 2084 2237 2117 a
2277 2069 2457 2116 widin
2500 2067 2716 2117 Labeone

1657 2147 1860 2196 Vistiliae
1892 2147 2066 2195 marito
2101 2144 2245 2206 ratio,
2280 2160 2382 2205 car,
2420 2148 2503 2208 ἢν.
2571 2142 2712 2193 Fieri

1652 2229 1825 2272 autem
1870 2222 2061 2286 potuit,
2102 2228 2158 2270 ut
2202 2220 2257 2269 id
2297 2221 2530 2277 verbum,
2573 2218 2713 2283 quod

1654 2298 1849 2347 duabus
1873 2305 2071 2347 tantum
2103 2298 2270 2346 literis
2303 2304 2535 2346 notatum
2559 2301 2718 2360 esset,

1654 2380 1710 2425 ri)
1734 2374 1890 2425 facile
1917 2375 2155 2424 librarius
2179 2374 2427 2424 omiserit.
2470 2372 2686 2421 Ursinus.

1723 2452 1989 2514 Sexaginta
2042 2448 2167 2512 dies]
2264 2450 2394 2498 Dies
2447 2447 2719 2511 sexaginta

1659 2527 1768 2576 dati
1815 2527 1925 2587 lege
1968 2527 2129 2588 Julia,
2167 2539 2199 2573 a
2235 2525 2320 2574 die
2341 2525 2574 2584 divortii,
2612 2538 2720 2572 nia-

1661 2603 1760 2652 rilo
1815 2600 1880 2648 ad
1936 2600 2297 2650 accusandum.
2391 2601 2598 2649 Clarum
2653 2613 2719 2647 ex

1663 2679 1699 2726 l.
1745 2691 1820 2726 xt.
1865 2690 1983 2726 xiv.
2023 2692 2110 2726 xv.
2184 2675 2268 2725 Ad
2314 2677 2483 2738 legem
2522 2673 2719 2725 Juliam
2791 2704 2802 2713 -

1665 2751 1730 2801 de
1754 2752 2057 2810 adulteriis;
2093 2766 2218 2816 quas
2239 2750 2376 2800 vide.
2428 2751 2636 2813 Lipsius.

1731 2829 1809 2878 De
1827 2827 1977 2877 sacris
2007 2826 2276 2892 AEgyptiis]
2340 2826 2403 2875 In
2427 2827 2564 2875 omni
2587 2826 2725 2889 Περ.

1669 2904 1800 2954 bene
1843 2905 2080 2954 instituta
2117 2919 2317 2967 semper
2337 2918 2531 2953 summo
2552 2903 2724 2953 studio

1669 2969 1929 3043 provisum
1971 2988 2071 3040 est,
2113 2993 2178 3029 ne
2218 2982 2358 3028 inter
2399 2980 2538 3029 cives
2584 2985 2726 3029 esset

1669 3057 1889 3104 varietas
1967 3054 2283 3118 religionum.
2381 3053 2570 3120 Itaque
2646 3071 2728 3105 sa·

1672 3130 1876 3193 pientes
1922 3129 2030 3178 Cic.
2078 3130 2131 3178 in
2163 3130 2366 3193 legibus
2411 3133 2506 3185 boc
2550 3132 2726 3181 statim

1672 3222 1703 3255 a
1726 3205 1980 3269 principio
1996 3206 2201 3269 statuit,
2231 3209 2246 3234 ⁴
2273 3207 2553 3269 separatim
2576 3221 2727 3257 nemo

1671 3282 1900 3331 habessit
1925 3282 2087 3342 Deos,
2127 3296 2255 3331 neve
2295 3296 2474 3343 novos,
2514 3282 2606 3331 sed
2630 3296 2729 3333 nec

1673 3356 1920 3418 advenas,
1968 3356 2065 3404 nisi
2112 3357 2315 3419 publice
2361 3358 2604 3420 adscitos,
2646 3373 2732 3408 co·

1672 3430 1852 3482 lunto.'
1917 3431 2212 3482 Postumius
2251 3435 2429 3482 consul
2451 3433 2586 3496 apud
2611 3434 2733 3483 Liv.

1675 3519 1872 3556 xxxix.
1893 3511 1972 3557 16.
2016 3507 2227 3556 Servius
2245 3508 2297 3557 in
2321 3509 2356 3557 l.
2372 3522 2497 3559 vm.
2520 3525 2592 3558 vs.
2617 3514 2733 3560 187.

1674 3583 1803 3633 Cum
1845 3585 2000 3648 igitur
2031 3583 2199 3646 multi,
2235 3593 2291 3634 et
2325 3586 2377 3633 in
2402 3585 2527 3635 urbe
2558 3592 2613 3634 et
2633 3600 2733 3648 per

1676 3661 1877 3712 Italiam
1903 3664 2153 3726 AEgyptiis
2188 3670 2244 3713 et
2279 3663 2509 3714 Judaieis
2544 3663 2733 3712 ritibus

1677 3737 1842 3786 dodun
1880 3748 2074 3801 essent,
2108 3754 2196 3803 eos
2231 3747 2437 3788 senatus
2466 3739 2736 3801 pellendos

1665 3814 1941 3878 judicavit.
2007 3813 2183 3880 Atque
2239 3816 2470 3879 AEgyptii
2523 3817 2735 3879 quidem

1677 3891 1899 3939 omnium
1924 3891 2215 3940 mortalium
2249 3893 2738 3955 superstitiosissimi

1678 3973 1846 4026 erant,
1899 3973 1956 4016 nt
2008 3982 2075 4015 ex
2130 3968 2417 4026 Herodoto,
2486 3971 2740 4033 Diodoro,

1681 4045 1983 4107 Plutarcho,
2013 4044 2251 4095 Juvensli
2278 4050 2384 4095 Sat.
2409 4056 2498 4096 xv,
2522 4048 2747 4112 aliisque

1680 4120 1919 4181 cognosci
1944 4127 2130 4181 potest.
2182 4120 2335 4170 Multi
2363 4130 2536 4170 antem
2559 4122 2737 4173 Roma

1681 4196 1940 4258 AEgyptiis
2014 4195 2471 4258 superstitionibus
2554 4194 2741 4247 infecti

1683 4278 1867 4323 etanta
1942 4271 2286 4337 colebantque
2342 4273 2470 4337 Isin,
2510 4272 2742 4335 Anubin,
